2858 4890
185 353 229 417 92
446 369 620 418 cunnrnu
643 365 985 416 nncuosnxonrors.

611 623 814 690 nnxxu

515 741 775 852 *alonia
797 773 875 839 ora.

183 973 187 979 -
242 930 281 1010 ›1‹
299 925 449 991 Granum
470 925 599 989 domini
627 926 738 990 nostri
759 924 865 989 Ihcsu
889 923 1019 989 Christi
1043 924 1137 1007 regis
1167 945 1240 988 om-

184 1028 282 1092 nium
302 1028 530 1102 saeculorum,
554 1026 671 1089 omnia
690 1044 755 1090 suo
776 1033 863 1090 nutu
880 1025 1118 1090 distribuentis
1134 1046 1241 1106 regna

185 1137 354 1193 terrarum
366 1135 402 1192 et
417 1126 628 1192 moderantis
642 1126 795 1190 habenas
811 1145 937 1203 rerum,
951 1144 1016 1207 ego
1024 1126 1167 1208 Eadgar
1175 1128 1239 1190 sub

185 1230 261 1312 ipso
283 1228 417 1292 sidereo
434 1247 516 1309 rege
532 1226 733 1310 praesidens
751 1247 857 1309 regno
872 1246 1020 1308 magnac
1034 1226 1239 1291 Britanniae

185 1348 290 1410 saepe
314 1328 517 1410 petitionem
542 1327 749 1392 uenerabilis
776 1334 811 1391 et
832 1327 897 1390 deo
921 1327 1040 1391 dilecti
1062 1326 1238 1410 pontificis

187 1427 404 1506 AEbelwoldi,
417 1446 521 1510 super
534 1427 725 1492 stabilitate
740 1427 997 1505 aecclesiarum,
1007 1432 1154 1510 quarum
1164 1427 1239 1510 ipse

185 1538 239 1594 est
255 1528 484 1611 infatigabilis
499 1535 717 1592 constructor
734 1528 864 1611 accepi,
880 1528 1031 1592 maxime
1049 1535 1165 1592 autem
1181 1547 1239 1592 su-

185 1649 248 1713 per
270 1628 404 1712 antiqui
431 1628 632 1693 monasterii
652 1629 870 1692 restitutione
891 1648 932 1693 ac
950 1628 1122 1706 libertate,
1144 1629 1235 1712 quod

185 1730 345 1813 primitus
367 1729 680 1807 Medeshamstede,
701 1729 803 1793 modo
830 1729 885 1793 dei
908 1729 1080 1793 adiutorio
1107 1748 1148 1793 ac
1174 1749 1238 1794 sua

184 1839 291 1914 atque
306 1838 428 1894 nostra
441 1830 609 1894 instantia
625 1837 871 1908 restauratum,
884 1829 1001 1893 Burch
1016 1830 1233 1912 appellatur3

185 1932 276 2014 quod
288 1930 421 1995 scilicet
437 1931 587 2014 quadam
603 1931 850 2013 praerogatiua
865 1932 1000 2013 gratiae
1015 1932 1127 1994 sancti
1137 1929 1236 1995 Petri

185 2051 227 2096 ac
250 2031 418 2114 pristinae
440 2030 632 2095 nobilitatis
657 2030 862 2094 eminentius
888 2030 1014 2112 diligit.
1062 2030 1237 2095 Recolens

185 2134 276 2196 enim
290 2131 376 2195 illud
391 2152 413 2197 a
425 2131 580 2215 pristinis
591 2131 741 2213 regibus,
748 2129 883 2196 Wlsero
894 2150 1027 2196 necnon
1038 2129 1235 2210 AEbelredo,

186 2232 332 2315 aliisque
358 2233 612 2296 successoribus
634 2230 818 2312 magnifice
840 2233 989 2296 ditatum
1008 2239 1044 2296 et
1057 2232 1235 2314 regalibus

184 2332 376 2416 priuilegiis
395 2332 579 2396 fortissime
599 2332 803 2409 stabilitum,
820 2333 879 2396 sed
897 2335 941 2397 ab
958 2340 1103 2397 externo
1125 2353 1235 2415 paga·

183 2452 306 2497 norum
321 2434 478 2497 exercitu
489 2433 714 2505 destitutum
738 2432 794 2496 hic
808 2434 863 2497 dei
874 2434 1013 2516 sapiens
1024 2433 1235 2498 architectus

184 2552 312 2614 magno
340 2533 413 2598 zelo
442 2533 563 2597 domus
590 2533 644 2597 dei
669 2534 802 2598 studuit
824 2552 1005 2617 reparare:
1033 2542 1070 2598 et
1087 2535 1235 2616 acquisi-

184 2635 242 2712 tis,
261 2653 302 2697 ac
324 2633 510 2718 redemptis
533 2634 684 2717 undique
706 2654 821 2697 rerum
844 2635 1130 2716 possessionibus,
1154 2654 1233 2699 oum

183 2742 304 2798 nostra
318 2735 429 2816 regali
445 2735 630 2798 donatione
646 2741 749 2818 prout
762 2735 876 2817 potuit
889 2733 1110 2816 amplificare.
1155 2735 1234 2818 Ego

180 2835 301 2919 itaque
329 2855 392 2918 pro
423 2836 537 2917 gratia
562 2836 675 2899 sancti
696 2834 806 2912 Petri,
826 2837 985 2918 tantique
1009 2837 1120 2918 patris
1144 2827 1235 2900 cariss

184 2943 269 3014 tate,
285 2943 391 3019 atque
406 2936 542 3000 animae
557 2955 654 3000 meae
672 2935 907 3018 redemptione
920 2936 1071 3000 concedo
1088 2944 1233 3017 gratan-

184 3036 316 3101 tissime
328 3036 414 3101 illud
428 3044 587 3101 sanctum
604 3042 639 3100 et
654 3036 884 3118 apostolicum
895 3036 1095 3101 coenobium
1106 3037 1142 3099 in
1154 3057 1234 3119 per·

182 3145 326 3220 petuum
345 3157 421 3201 esse
437 3137 582 3201 liberum
601 3137 645 3200 ab
661 3137 753 3200 omni
767 3137 937 3201 saeculari
954 3155 1060 3200 causa
1074 3143 1109 3201 et
1122 3139 1234 3203 serui-

183 3245 269 3315 tute,
295 3245 335 3302 ut
362 3237 478 3301 nullus
500 3237 833 3301 aecclesiasticorum
857 3238 915 3301 uel
935 3237 1103 3301 laicorum
1127 3257 1233 3320 super

180 3337 294 3420 ipsum
311 3337 367 3401 uel
384 3358 488 3420 super
502 3338 611 3420 ipsius
630 3340 790 3402 abbatem
807 3338 916 3401 ullum
934 3356 1088 3420 unquam
1105 3336 1234 3405 habeat

109 3428 111 3432 ’
182 3437 382 3515 dominium,
396 3439 456 3501 sed
472 3439 548 3520 ipso
562 3439 687 3501 abbate
699 3457 776 3501 cum
793 3438 949 3502 subiecta
958 3437 1087 3503 Christi
1099 3437 1232 3504 familia

181 3538 216 3601 in
229 3557 316 3621 pace
327 3537 382 3602 dei
399 3543 435 3601 et
443 3538 583 3620 superni
598 3537 756 3602 ianitoris
764 3537 861 3603 Petri
870 3538 1063 3621 patrocinio
1074 3537 1162 3602 illud
1177 3561 1233 3604 re-

182 3646 297 3720 gente,
315 3657 357 3703 ac
371 3658 452 3720 rege
467 3639 503 3702 in
521 3638 679 3703 omnibus
694 3639 958 3712 necessitatibus
974 3639 1174 3717 adiuuante,
1187 3643 1231 3705 ab

179 3739 276 3805 omni
289 3739 455 3802 mundiali
470 3739 552 3822 iugo
564 3746 637 3804 tam
648 3758 807 3803 securum
820 3739 1042 3804 aeternaliter
1052 3740 1232 3822 persistat,

181 3859 286 3923 quam
299 3839 456 3917 liberum,
466 3839 527 3904 sed
538 3841 642 3905 etiam
660 3841 704 3904 ab
722 3840 909 3923 episcopali
922 3840 1119 3919 exactione,
1128 3849 1164 3906 et
1175 3842 1232 3905 in-

180 3941 391 4024 quietudine,
412 3961 457 4005 ex
483 3941 675 4024 apostolica
699 3939 870 4019 libertate,
896 3948 931 4005 et
952 3942 1230 4007 reuerendissimi

179 4042 428 4126 archiepiscopi
455 4041 565 4106 nostri
596 4041 774 4106 Dunstani
806 4043 1014 4107 auctoritate
1044 4061 1122 4105 cum
1154 4044 1230 4108 suis

55 4240 58 4245 .
179 4141 403 4225 appendiciis,
421 4143 456 4207 id
481 4149 546 4220 est,
565 4140 824 4226 Doddesborpo,
847 4150 883 4207 et
900 4143 986 4227 Ege,
1010 4148 1046 4207 et
1071 4141 1230 4209 Pastune
