2858 4890
437 352 613 413 charran
640 356 983 413 luenosrxorrrcrn.
1172 350 1237 414 113

182 520 285 687 {leun
322 522 422 601 ende,
459 519 568 588 britan
597 523 641 588 he
671 523 724 588 hit
754 520 800 586 tir
829 520 883 585 his
915 510 1062 585 forhsihe
1096 521 1229 604 gehete.

217 623 339 689 ΜΕΝ.

569 822 834 889 nnxxxrv.

515 936 863 1049 *cinciana

235 1125 275 1205 ›1‹
303 1120 389 1187 Guu
412 1120 673 1185 uniuersitatem
696 1120 867 1203 generalis
889 1140 1023 1185 massae
1045 1129 1139 1187 meta
1156 1142 1229 1188 ma·

184 1229 275 1299 neat,
297 1229 394 1286 certa
417 1220 649 1304 uisibiliaque,
676 1228 716 1285 ut
738 1220 918 1304 apostolus
945 1221 1070 1305 inquit,
1096 1231 1230 1305 tempo·

183 1323 281 1399 ralia,
296 1320 486 1386 inuisibilia
507 1340 591 1386 uero
610 1327 790 1404 perpetua,
810 1328 921 1385 restat
937 1341 1227 1405 unumquemque,

183 1428 220 1486 ut
246 1422 304 1486 hie
334 1428 477 1505 peracta
507 1421 578 1485 illic
613 1422 789 1504 percipere
821 1422 956 1487 merita.
1022 1421 1123 1486 Unde
1162 1442 1228 1504 ego

183 1522 377 1605 liudgerus,
408 1522 516 1587 totius
552 1519 712 1585 Albionis
738 1520 903 1599 basileus,
937 1542 1000 1586 uec
1028 1542 1097 1586 non
1125 1525 1230 1587 mari·

184 1623 346 1687 timorum
371 1641 434 1687 seu
460 1621 697 1686 insulanorum
719 1641 840 1704 regum
858 1622 1230 1700 circumhabitantium,

183 1723 269 1788 adeo
284 1729 326 1787 ut
338 1721 455 1786 nullus
473 1722 730 1805 progenitorum
748 1741 901 1786 meorum
919 1723 1143 1800 subiectione,
1159 1723 1229 1787 lar·

183 1823 291 1906 giflua
309 1823 365 1887 dei
386 1823 502 1904 gratia
521 1827 726 1904 suppetente
747 1823 964 1899 sublimatus
986 1822 1068 1905 quid
1094 1823 1230 1906 imperii

183 1924 249 1987 mei
262 1923 481 2006 potissimum
491 1922 566 2004 regi
575 1941 697 2003 regum
712 1922 852 1987 domino
862 1921 991 1999 darem,
1001 1924 1090 1988 tanti
1099 1943 1230 1988 memor

183 2022 334 2100 honoris,
351 2022 526 2087 sollertius
548 2041 652 2105 saepe
668 2023 827 2086 tractaui.
864 2020 952 2086 Piae
972 2022 1081 2104 igitur
1097 2023 1229 2088 fautrix

182 2123 378 2188 deuotionis
399 2121 559 2207 peruigili
581 2140 678 2185 meae
705 2122 918 2186 studiositati
939 2143 1090 2205 superna
1114 2124 1230 2188 subito

183 2223 374 2288 insinuauit
384 2223 508 2305 pietas,
523 2240 681 2305 quaeque
693 2222 729 2285 in
745 2242 852 2303 regno
864 2242 942 2287 meo
958 2232 1081 2288 sancta
1095 2230 1230 2287 restau-

183 2342 260 2388 rare
279 2323 501 2399 monasteria,
520 2341 610 2406 quae
632 2322 729 2386 uelut
750 2321 913 2386 muscinis
934 2322 1101 2387 scindulis
1122 2324 1232 2387 cario-

184 2425 301 2508 sisque
324 2423 453 2487 tabulis
471 2423 570 2504 tigno
587 2429 689 2486 tenus
714 2422 896 2486 uisibiliter
915 2422 1043 2500 diruta,
1060 2423 1121 2499 sic,
1138 2424 1231 2507 quod

183 2525 296 2589 maius
310 2530 376 2600 est,
392 2523 485 2586 intus
503 2542 524 2586 a
538 2523 681 2587 seruitio
697 2521 753 2585 dei
768 2522 874 2585 ferme
889 2542 1001 2586 uacua
1016 2521 1153 2587 fuerant
1171 2544 1230 2587 ne·

185 2625 311 2707 plecta.
352 2621 476 2687 Idiotis
492 2642 615 2705 nempe
629 2622 762 2686 clericis
775 2623 906 2698 eiectiS,
919 2622 1045 2686 nullius
1061 2624 1231 2704 regularis

185 2724 362 2807 religionis
384 2722 586 2805 disciplinae
612 2723 786 2799 subiectis
803 2722 960 2805 plurimis
976 2722 1011 2785 in
1031 2723 1116 2787 locis
1131 2743 1231 2787 sanc·

185 2825 282 2891 tioris
307 2823 410 2887 seriei
439 2823 572 2887 scilicet
599 2822 792 2885 monachici
816 2822 955 2887 habitus
979 2823 1129 2905 praefeci
1151 2843 1232 2906 pas·

184 2931 289 3001 tores,
311 2924 356 2988 ad
383 2924 524 2987 ruinosa
548 2941 705 3005 quaeque
731 2923 937 3006 templorum
965 2922 1233 3005 redintegranda

183 3024 368 3108 opulentos
390 3022 558 3087 fiscalium
584 3041 764 3085 munerum
792 3024 841 3086 eis
863 3024 1031 3088 exhibens
1055 3031 1231 3106 sumptus;

183 3143 331 3208 quorum
358 3142 463 3187 unum
495 3123 632 3186 nomine
660 3122 855 3200 AElfricum,
874 3124 986 3188 uirum
1011 3124 1047 3186 in
1075 3124 1256 3190 omnihus.

184 3221 491 3301 aecclesiasticum,
518 3223 737 3287 famosissimi
759 3224 936 3288 custodem
964 3223 1130 3288 constitui
1156 3243 1233 3287 coe-

184 3325 278 3390 nobii
305 3323 399 3407 quod
416 3321 525 3406 Angli
550 3322 709 3405 biphario
730 3323 887 3387 uocitant
916 3331 1076 3387 onomate
1093 3323 1232 3386 Maldn-

185 3427 369 3506 mesburg;
409 3425 466 3487 cui
498 3443 560 3507 pro
587 3423 830 3487 commoditate
855 3423 1027 3487 animulae
1051 3443 1160 3501 meae,
1188 3425 1232 3487 ob

184 3525 371 3590 saluatoris
387 3523 498 3587 nostri
515 3523 737 3605 eiusdemque
755 3518 917 3589 Θεοτόκου
936 3543 1072 3605 semper
1087 3524 1233 3605 uirginis

185 3625 334 3701 Mariae,
356 3643 508 3688 necnon
531 3623 767 3705 apostolorum
792 3622 887 3686 Petri
910 3631 945 3687 et
961 3623 1075 3699 Pauli,
1090 3621 1234 3686 Aldhel-

185 3726 302 3810 mique
327 3723 410 3789 almi
436 3722 604 3806 praesulis
630 3722 806 3799 honorem,
826 3723 1031 3805 particulam
1052 3731 1163 3787 terrae
1182 3741 1233 3787 nt.

185 3825 346 3891 uidelicet
371 3824 584 3887 manentium
606 3823 775 3887 uocabulo
798 3822 990 3899 Eastcotun
1020 3842 1096 3886 cum
1124 3825 1234 3907 pratis

187 3934 221 3993 et
241 3924 341 3992 siluis
361 3923 525 3987 munifica
546 3910 754 3987 liberalitate
777 3924 922 3987 restitui.
976 3922 1077 3986 Haec
1100 3930 1193 3987 terra
1215 3945 1236 3988 a

182 4024 372 4111 ¹praedictis
388 4022 494 4087 semel
511 4023 770 4086 accommodata
788 4023 921 4088 clericis
936 4024 994 4086 diu
1011 4042 1033 4086 a
1050 4023 1235 4106 plerisque,

188 4132 361 4213 postremo
376 4142 399 4187 a
412 4123 629 4187 contentioso
646 4123 772 4187 iniuste
788 4143 950 4206 possessa
963 4130 1017 4187 est
1028 4122 1233 4197 AEhelnol503

236 4241 323 4289 rou.
346 4239 403 4289 111.
1075 4240 1086 4287 1
