2858 4890
452 360 626 411 curasan
647 359 990 410 nnonosnxonrcnn.
1200 344 1246 409 99

184 523 265 581 cato
281 523 430 599 quaestu
447 515 630 599 adquirere
644 516 811 582 lucrando
827 518 894 582 fide
905 519 1048 600 uigente
1065 517 1240 583 catholica

184 616 453 699 prudentissime
483 616 652 681 ualemus.
720 615 955 696 Quamobrem
985 638 1051 701 ego
1084 618 1239 700 Eadgar,

184 717 294 783 totius
333 716 537 781 Britanniae
573 716 738 792 basileus,
775 718 950 800 quoddam
988 720 1237 784 monasterinm

184 817 309 882 beatae
339 816 396 881 dei
421 816 593 899 genitrici,
622 837 826 902 semperque
864 819 993 901 uirgini
1022 817 1157 884 Mariae
1191 819 1236 884 ad

184 916 323 983 landem
360 922 398 980 et
429 914 596 981 honorem
632 918 785 982 eiusdem
821 918 950 983 domini
985 919 1096 984 nostri
1130 918 1235 983 lhesu

186 1016 330 1094 Christi,
341 1015 461 1080 mundi
477 1016 677 1096 saluatoris,
691 1017 888 1083 dedicatum
904 1019 940 1083 in
956 1019 1034 1083 loco
1046 1019 1107 1101 qui
1122 1038 1233 1100 qnon-

183 1117 264 1182 dam
286 1114 455 1200 Ancraig,
479 1136 572 1182 nnnc
596 1137 681 1183 uero
703 1119 835 1184 usitato
858 1117 992 1200 Dornig
1013 1126 1235 1201 nuncupatur

183 1216 367 1295 uocabulo,
389 1224 426 1281 et
446 1236 529 1281 rura
550 1217 710 1300 praefato
731 1218 942 1283 monasterio
964 1218 1131 1296 subiecta,
1155 1238 1234 1283 cum

184 1315 346 1382 omnibus
368 1317 586 1394 utensilibus,
609 1319 720 1400 pratis
752 1318 925 1396 uidelicet,
947 1319 1099 1401 pascuis,
1121 1317 1233 1397 siluis,

183 1416 357 1500 piscariis,
376 1417 543 1501 capturis,
564 1420 720 1500 gronnis,
743 1426 849 1502 atque
870 1417 1049 1502 culparum
1071 1419 1233 1483 emenda·

182 1518 324 1597 tionem,
341 1537 431 1601 quae
447 1524 548 1583 reatu
563 1518 681 1601 aliquo
695 1520 732 1583 in
746 1519 833 1602 ipsis
855 1525 1070 1602 peraguntur
1085 1519 1233 1597 ruribus,

183 1617 327 1683 domino
345 1624 465 1683 nostro
481 1616 589 1681 lhesu
607 1617 760 1696 Christo,
777 1619 921 1702 eiusque
950 1620 1122 1701 genitrici,
1144 1639 1233 1683 sem-

183 1737 316 1802 perque
332 1716 461 1800 uirgini
482 1716 619 1783 Mariae
635 1731 761 1783 octauo
783 1718 916 1784 decimo
935 1720 1002 1784 mei
1019 1720 1146 1784 terreni
1167 1720 1231 1782 im-

183 1819 272 1902 perii
296 1837 402 1896 anno,
419 1823 574 1883 attamen
596 1819 707 1901 primo
730 1838 827 1883 meae
849 1820 966 1902 regiae
992 1818 1232 1897 dedicationis,

185 1917 420 1985 AEeeluuoldo
435 1917 520 1982 mihi
535 1918 775 2001 episcoporum
789 1919 1028 1998 dilectissimo,
1044 1938 1122 1983 cum
1139 1921 1232 1984 omni

184 2017 409 2083 subiectionis
439 2017 634 2083 humilitate
666 2019 887 2103 impetrante,
909 2027 1051 2084 aeterna
1082 2020 1232 2100 largitus

185 2137 262 2182 sum
280 2117 513 2197 haereditate3
536 2137 579 2183 ea
595 2138 731 2202 semper
746 2119 953 2203 interposita
969 2119 1177 2198 conditione,
1193 2129 1234 2184 ut

185 2217 316 2283 nullius
331 2218 466 2283 altioris
489 2217 546 2282 uel
566 2219 739 2284 inferioris
761 2220 890 2302 gradus
916 2219 1064 2283 hominis
1082 2227 1193 2298 reatu,
1210 2241 1233 2284 a

185 2318 325 2385 domino
350 2325 471 2384 nostro
502 2317 606 2383 lhesu
637 2317 790 2397 Christo,
819 2329 1009 2402 sanctoque
1038 2319 1116 2383 loco
1139 2321 1232 2403 quod

185 2425 258 2484 tam
274 2438 297 2485 a
317 2438 386 2498 me,
400 2437 506 2503 quam
528 2436 551 2483 a
572 2418 750 2501 praedicto
773 2420 950 2502 episcopo,
977 2419 1034 2484 uel
1051 2438 1072 2482 a
1087 2422 1232 2485 caeteris

186 2518 380 2597 catholicis,
396 2537 599 2584 concessum
616 2519 673 2583 uel
690 2519 945 2584 concedendum
960 2527 1026 2598 est,
1042 2519 1116 2584 nlla
1130 2541 1232 2585 occa·

185 2614 284 2693 sione
309 2618 449 2683 diabolo
476 2619 679 2701 instigante,
704 2620 872 2703 prinetur.
933 2605 971 2684 'Si
995 2640 1079 2684 uero
1103 2622 1232 2686 crimen

186 2718 279 2803 quod
301 2719 426 2783 neniae
447 2738 519 2783 non
539 2719 587 2783 sit
604 2719 760 2801 dignum,
783 2721 951 2784 suadente
974 2720 1123 2798 diabolo,
1139 2722 1231 2804 qnod

186 2820 290 2897 absit,
308 2819 377 2891 loci
398 2826 603 2902 procurator
627 2818 849 2897 commiserit,
870 2828 998 2903 agatur
1019 2821 1233 2886 rationabili-

186 2925 239 2985 ter
254 2919 300 2984 de
313 2938 368 2997 ec,
383 2918 476 3002 quod
492 2918 535 2984 de
551 2919 644 3001 regis
661 2920 778 3001 agitur
790 2921 1000 3004 praeposito,
1018 2927 1056 2985 nt
1072 2921 1234 2987 uidelicet

186 3039 245 3085 reo
278 3019 346 3084 rite
375 3018 554 3085 decuriato
584 3038 626 3083 ac
657 3020 751 3084 iusto
779 3020 900 3084 ordine
929 3020 1074 3104 depulso
1099 3020 1150 3083 illi
1173 3023 1234 3103 qni

185 3119 313 3204 dignus
330 3118 377 3183 sit
393 3119 524 3185 Christi
539 3119 750 3201 designetur,
768 3121 821 3185 uti
839 3121 931 3203 regis
948 3120 1037 3184 solet
1054 3122 1233 3203 praeposi-

185 3227 266 3285 tura
284 3239 308 3285 a
328 3219 424 3285 nullo
445 3220 675 3285 saecularium
698 3219 829 3285 Christi
851 3221 1068 3304 possessione
1090 3220 1233 3287 uiolata.

187 3319 282 3387 Nam
299 3320 337 3385 in
355 3319 433 3403 ipso
454 3320 613 3403 praefato
634 3320 711 3386 loco
733 3320 997 3385 anachoreticae
1013 3321 1107 3384 uitae
1125 3322 1234 3403 aptis·

186 3420 275 3485 simo
300 3420 383 3498 duo,
410 3420 585 3503 quondam
615 3420 822 3504 praecipuae
851 3420 1048 3484 sanctitatis
1081 3423 1235 3502 germani

185 3520 376 3599 antistites,
389 3519 592 3585 Tancredus
616 3520 778 3585 uidelicet
803 3526 839 3585 et
855 3520 1059 3597 Tortredus,
1076 3520 1235 3586 coelestis

186 3621 282 3687 uitae
305 3619 570 3699 beatitudinem,
591 3621 681 3686 alter
702 3621 869 3704 martyrio
894 3620 983 3684 alter
1009 3620 1235 3686 confessionis

187 3720 303 3803 gloria
312 3720 524 3798 obtinentes,
533 3740 611 3785 cum
629 3720 783 3803 gloriosa
794 3721 925 3802 egregii
936 3720 1102 3803 triumphi
1118 3721 1236 3803 palma

187 3821 430 3905 nigranerunt
453 3820 498 3884 ad
521 3819 707 3886 Christum.
764 3820 866 3885 Tona
890 3840 973 3886 uero
997 3840 1115 3885 corum
1138 3841 1237 3885 soror

187 3940 258 3986 non
269 3920 385 3985 solum
394 3919 545 3984 carnaiis
560 3921 830 4004 propinquitatis
844 3920 980 3986 foedere
993 3922 1238 4003 compaginata

187 4021 249 4087 aad
265 4020 374 4095 etiam
390 4020 427 4084 in
443 4019 639 4085 imitatione
655 4020 825 4085 uirtutum
843 4028 878 4085 et
898 4022 1054 4086 caritatis
1071 4022 1239 4104 repagulo

187 4140 361 4199 mnuexa,
375 4120 412 4191 in
427 4106 552 4187 intima
566 4120 672 4185 huius
686 4121 822 4191 insulae
842 4130 942 4205 parte
961 4121 1238 4187 anachoreticam

1050 4229 1069 4264 u
1086 4219 1101 4265 ὓ
