2858 4890
250 354 272 418 2
515 370 687 419 cnanrnn
711 367 1051 416 nnenosnxonrenn.

254 537 367 594 torum
398 527 570 609 regiorum
598 525 905 607 chirographorum
929 524 1220 607 perturbaberint,
1246 531 1312 586 aut

256 628 450 713 perturbari
482 627 755 710 procurauerint,
787 634 862 690 arte
892 625 948 689 uel
977 626 1128 707 ingenio,
1163 623 1312 688 consilio

257 730 313 792 uel
327 728 458 805 fauore,
471 747 676 811 quocunque
694 726 807 790 colore
832 745 897 789 sua
914 725 1190 791 machinamenta
1204 724 1310 788 bomo

257 829 480 893 seminauerit
505 828 675 904 inimicus,
697 834 733 891 et
754 826 846 889 lilius
871 826 1066 908 iniquitatis
1091 846 1155 890 sua
1179 824 1311 889 fuderit

257 936 473 1011 argumenta,
487 935 628 992 extunc
645 927 995 1002 excommunicantes,
1012 927 1151 990 nomina
1169 925 1309 989 illorum

257 1029 300 1093 de
321 1029 409 1093 libro
431 1030 525 1093 uitae
549 1028 702 1092 tollimus
726 1034 760 1091 et
787 1045 808 1089 a
832 1026 1006 1091 consortio
1032 1034 1230 1091 sanctorum
1254 1045 1310 1090 se-

258 1136 433 1212 parantes,
460 1148 501 1193 ac
525 1147 546 1190 a
568 1128 685 1191 limine
707 1133 828 1209 portae
850 1126 1009 1190 coelestis
1035 1127 1172 1210 longius
1196 1126 1312 1209 repel-

259 1231 382 1307 lentes,
409 1229 475 1292 nisi
507 1227 678 1309 condigna
706 1226 942 1292 satisfactione
967 1226 1069 1291 citius
1099 1246 1164 1290 sua
1192 1234 1311 1291 errata

259 1329 484 1407 correxerint,
503 1327 727 1391 infernalibus
748 1326 914 1391 incendiis
939 1346 1017 1390 cum
1036 1327 1126 1391 Iuda
1143 1326 1312 1391 traditore

260 1430 473 1493 damnandos
500 1447 563 1510 pro
588 1428 660 1490 suis
687 1427 861 1491 demeritis
887 1427 1177 1491 irremissibilibus
1199 1427 1311 1510 depu-

260 1537 387 1594 tamus.
419 1529 567 1611 Insuper
578 1527 858 1610 spiritualitatem
871 1529 979 1593 totius
994 1528 1128 1591 insulae
1138 1527 1312 1610 Croylan-

261 1629 350 1706 diae,
375 1629 547 1712 uillaeque
565 1628 766 1704 adiacentis
783 1636 886 1711 prout
907 1649 929 1692 a
951 1625 1152 1692 fundatione
1169 1647 1310 1692 monas-

261 1731 339 1794 terii
362 1731 427 1808 sui,
452 1730 535 1793 dicti
560 1728 718 1792 monachi
743 1728 908 1792 hactenus
926 1729 1132 1807 habuerunt,
1150 1727 1314 1793 uidelicet

261 1830 422 1914 quicquid
445 1830 571 1894 attinet
593 1830 636 1893 ad
658 1828 958 1893 archidiaconatus
980 1827 1129 1893 officium
1151 1829 1314 1892 omnibus

261 1931 530 1995 correctionibus
559 1929 604 1993 ad
640 1920 841 1993 instantiam
871 1929 981 2011 partis
1013 1929 1070 1994 uel
1104 1948 1314 2012 quocunque

261 2031 363 2095 modo
393 2030 589 2113 infligendis
620 2048 683 2112 pro
706 2030 966 2112 quibuscunque
997 2030 1131 2093 delictis
1157 2029 1214 2093 uel
1244 2031 1313 2093 cri·

262 2132 410 2195 minibus
449 2151 511 2213 per
546 2148 786 2213 quamcunque
821 2150 1003 2212 personam
1038 2131 1230 2194 commissis
1254 2131 1315 2194 uel

263 2230 516 2296 committendis
538 2231 677 2308 ibidem,
691 2229 848 2322 praelato
873 2231 1063 2294 uenerabili
1086 2231 1204 2310 abbati
1220 2229 1313 2294 Tur-

263 2329 383 2395 ketulo
415 2339 450 2396 et
479 2332 636 2395 omnibus
668 2332 923 2395 successoribus
956 2333 1028 2395 suis
1061 2332 1243 2395 abbatibus
1275 2332 1313 2394 in

264 2432 383 2495 eodem
415 2432 624 2495 monasterio
649 2430 787 2508 futuris,
815 2438 851 2495 et
882 2452 999 2496 eorum
1029 2430 1231 2495 officialibus
1266 2432 1313 2494 ad

264 2531 330 2596 hoc
352 2531 499 2596 officium
517 2532 593 2596 uice
616 2530 827 2614 exequendis
849 2533 1110 2608 constituendis,
1129 2552 1205 2595 cum
1229 2551 1315 2595 oon-

264 2651 368 2697 sensu
385 2633 588 2715 AEgelnothi
613 2631 844 2696 archidiaconi
871 2632 1087 2714 procurantis
1109 2633 1202 2696 istud
1225 2632 1314 2710 fieri,

264 2733 481 2797 concedimus
494 2739 529 2797 et
541 2733 780 2813 assignamus3
801 2733 1140 2796 excommunicantes
1151 2741 1186 2798 et
1195 2739 1315 2796 exter·
1403 2726 1411 2741 ”

264 2833 435 2897 minantes
457 2853 479 2897 a
495 2833 583 2897 facie
600 2832 668 2909 dei,
686 2839 721 2896 et
743 2851 765 2895 a
787 2832 942 2914 glorifica
963 2833 1097 2896 uisione
1117 2833 1236 2897 uultus
1259 2834 1317 2896 sui

263 2933 299 2996 in
314 2933 368 2997 die
384 2934 502 3017 magni
514 2931 631 2996 iudicii
651 2952 780 3009 omneS,
797 2933 857 3015 qui
876 2933 1005 2997 dictum
1027 2940 1160 3016 patrem
1176 2932 1316 2998 Turke-

265 3033 375 3097 tulum
409 3034 466 3097 uel
493 3033 644 3116 aliquem
675 3052 913 3097 successorum
944 3053 1085 3097 suorum
1116 3053 1221 3116 super
1246 3034 1317 3100 hoc

265 3133 307 3197 de
330 3142 466 3198 caetero
490 3133 771 3216 inquietauerint,
796 3134 853 3197 uel
884 3133 1023 3216 aliquod
1045 3135 1315 3216 praemissorum

264 3234 473 3299 uiolauerint
489 3234 545 3297 uel
560 3233 684 3297 uiolari
699 3235 960 3315 procurauerint
977 3254 1183 3317 quocunque
1198 3235 1317 3314 modo,

265 3333 520 3416 inperpetuum
544 3352 602 3397 eos
620 3333 771 3396 Satanae
791 3335 866 3398 sine
883 3335 949 3397 fine
970 3335 1158 3411 tradentes
1176 3336 1242 3399 nisi
1263 3337 1316 3400 oi·

266 3434 335 3497 tius
352 3433 570 3514 resipuerint,
582 3440 617 3497 et
630 3452 708 3496 cum
724 3434 896 3516 condigna
912 3435 1124 3517 poenitentia
1137 3436 1319 3518 praedicto

265 3533 475 3598 monasterio
504 3533 732 3597 satisfecerint
764 3554 827 3617 pro
860 3536 1017 3617 patratis
1079 3536 1181 3600 Istud
1206 3536 1318 3619 priui-

265 3632 394 3714 legium
430 3633 600 3696 sancitum
631 3641 684 3698 est
715 3641 750 3698 et
777 3636 1037 3700 immutabiliter
1067 3637 1242 3701 decretum
1269 3639 1318 3702 ad

265 3732 429 3797 honorem
453 3733 520 3809 dei,
551 3740 586 3797 et
610 3741 750 3798 sanctae
776 3736 896 3800 matris
920 3737 1106 3800 aecclesiae
1130 3737 1319 3804 releuatio·

266 3853 344 3896 nem
377 3852 418 3896 ac
449 3835 560 3898 sancti
585 3827 750 3898 Guthlaci
784 3836 990 3900 confessoris
1020 3837 1247 3901 reuerentiam
1278 3839 1319 3904 in

265 3933 462 4016 praesentia
488 3935 579 4016 regis
611 3935 775 4016 Eadgari,
806 3938 1039 4019 praelatorum
1065 3957 1318 4020 procerumque

267 4052 421 4111 suorum,
456 4054 547 4098 anno
580 4034 770 4099 dominicae
806 4038 1052 4103 incarnationis
1085 4055 1319 4107 nccconxvr.

267 4135 359 4217 apud
375 4134 516 4199 London
534 4136 766 4200 collectorum.
