2858 4890
449 363 622 412 curaris
644 365 989 414 auctosuxourcnn.
1175 347 1242 412 225

182 535 270 598 uago
299 517 534 586 wintoniensi
575 523 752 606 episcopo,
792 532 828 589 et
862 525 1022 588 omnihus
1052 523 1238 607 episcopis,

183 619 386 704 cunctisque
413 623 627 705 sapientibus
654 624 768 706 gentis
794 623 1012 706 Anglorum3
1047 625 1139 708 quod
1173 644 1239 706 ego

181 717 290 783 libere
319 730 488 805 perpetua
511 724 748 789 munificentia
777 724 883 789 tribui
914 725 1012 789 illum
1038 725 1153 789 locum
1179 726 1238 808 qui

182 819 290 900 uulgo
309 820 434 887 Cernel
453 831 686 908 nuncupatur,
706 843 784 888 cum
809 826 1085 908 possessionibus
1103 845 1191 908 quas
1208 826 1240 889 ei

182 919 331 1004 subiugo
347 924 595 989 cuncticreanti
617 925 682 989 deo
706 924 749 988 ad
773 925 856 989 almi
877 926 1049 990 onomatis
1071 926 1145 990 eius
1165 926 1240 989 lau-

182 1019 272 1098 dem,
295 1030 331 1086 et
346 1023 391 1087 ad
408 1023 571 1088 honorem
587 1032 729 1089 sanctae
742 1024 876 1090 Mariae
893 1026 1070 1107 genitricis
1091 1027 1146 1090 dci
1160 1047 1238 1109 per·
1348 1017 1353 1028 “

182 1129 310 1203 petuae
327 1123 486 1206 uirginis,
505 1145 547 1190 ac
563 1126 676 1190 sancti
691 1125 789 1190 Petri
811 1127 975 1210 principis
991 1127 1239 1209 apostolorum,

184 1241 319 1287 necnon
347 1232 382 1288 et
405 1226 518 1289 sancti
541 1225 732 1303 Benedicti,
759 1246 822 1308 pro
848 1246 924 1292 meo
946 1227 1124 1291 carissimo
1156 1226 1239 1292 hero

182 1322 316 1388 basileo
342 1323 537 1402 AEbelreda
568 1335 603 1391 et
627 1346 692 1410 pro
711 1326 926 1410 memetipso,
954 1347 1088 1392 necnon
1111 1334 1146 1391 et
1174 1348 1238 1410 pro

182 1422 313 1488 dilecta
340 1424 424 1490 mihi
448 1427 602 1491 animula
630 1428 698 1492 mei
727 1428 905 1509 genitoris,
940 1436 976 1492 et
1007 1427 1240 1510 redemptione

182 1543 338 1588 meorum
381 1527 658 1608 praecedentium
695 1535 845 1610 patrum,
881 1529 940 1610 qui
976 1529 1116 1611 propria
1150 1529 1241 1593 colla

183 1632 310 1706 sponte
342 1625 421 1691 fidei
447 1628 655 1693 christianae
677 1626 915 1708 subdiderunt,
941 1647 1080 1691 suarum
1103 1648 1240 1711 posses-

184 1725 323 1790 sionum
361 1747 416 1791 me
447 1727 629 1792 haeredem
662 1727 754 1793 haud
784 1729 961 1810 ingratum
996 1729 1241 1811 relinquentes.

186 1825 280 1890 Illud
298 1829 545 1892 monasterium
568 1826 730 1892 uidelicet
752 1827 888 1906 Cernel,
904 1829 947 1892 de
969 1848 1039 1911 quo
1063 1828 1240 1911 praefatus

185 1945 262 1990 sum
277 1927 437 2010 primitus
454 1928 564 1993 ditaui
587 1929 678 1993 sicut
702 1929 785 1991 mihi
809 1929 956 2010 largitas
981 1937 1063 1993 tunc
1084 1929 1243 2007 dictauit,

185 2027 246 2091 sed
269 2036 351 2110 post
383 2048 570 2111 paucorum
597 2048 765 2093 annorum
795 2030 914 2112 spacia
942 2030 1127 2093 maioribus
1154 2029 1240 2093 illud

185 2128 464 2210 possessionibus
490 2129 554 2194 deo
576 2128 767 2212 inspirante
789 2130 966 2212 ampliaui,
982 2129 1135 2214 largiens
1155 2130 1186 2192 ei
1207 2139 1243 2193 et

185 2228 352 2292 fratribus
382 2230 467 2293 inibi
491 2229 697 2311 degentibus
728 2229 823 2293 illam
853 2230 970 2294 uillam
1001 2229 1137 2307 Cernel,
1163 2250 1241 2292 cum

187 2329 349 2393 omnibus
366 2349 456 2413 quae
476 2331 520 2394 ad
541 2350 618 2394 eam
640 2330 803 2414 pendent,
820 2338 1005 2413 postquam
1021 2351 1086 2410 ego
1105 2332 1242 2395 mortali

187 2429 262 2495 iure
285 2429 350 2494 hoc
368 2431 544 2495 saeculum
563 2430 778 2513 relinquam
804 2431 869 2494 hac
886 2431 990 2494 etiam
1011 2432 1145 2496 ratione
1163 2452 1242 2496 con-

189 2531 273 2604 cedo
298 2531 392 2594 illam
417 2532 548 2610 uillam,
575 2551 664 2615 quae
682 2532 825 2595 AEscere
855 2531 982 2595 dicitur
1009 2550 1087 2594 cum
1109 2533 1243 2596 cunctis

188 2629 239 2695 eis
263 2631 550 2712 adhaerentibus3
574 2632 721 2714 denique
745 2651 799 2695 me
821 2632 856 2694 in
880 2651 995 2709 carne,
1012 2639 1047 2694 et
1066 2630 1146 2715 'post
1168 2633 1241 2695 obi-

189 2739 263 2796 tum
296 2740 460 2815 perpetue
495 2733 559 2797 has
595 2733 807 2816 possideant,
843 2752 931 2815 quas
963 2732 1064 2795 modo
1103 2731 1242 2796 nomino

190 2839 301 2896 terras
323 2833 358 2895 in
385 2833 447 2897 illa
468 2833 602 2911 uillula,
617 2853 706 2915 quae
723 2852 745 2896 a
762 2832 919 2897 ruricolis
936 2832 1108 2895 Minterne
1131 2833 1241 2895 nomi-

189 2940 294 2997 natur
318 2953 381 2997 sex
406 2941 575 3012 cassatos,
603 2935 639 2998 in
656 2933 916 2998 Winceburnau
943 2932 1060 2997 decem
1089 2952 1241 3009 mansas,

189 3034 224 3097 in
255 3032 399 3098 Bridian
430 3055 506 3113 sex,
536 3020 573 3098 in
611 3035 774 3099 ulteriore
806 3034 950 3098 Bridian
985 3033 1176 3109 duodecim,
1206 3033 1241 3096 in

191 3134 499 3200 Hreminescumbe
520 3145 602 3200 tres.
641 3135 742 3199 Haec
760 3142 879 3199 nostra
896 3134 988 3197 dona
1004 3134 1244 3215 augmentauit

191 3234 371 3301 Leofricus
393 3236 537 3301 clericus
569 3234 612 3299 de
640 3235 867 3317 Poceswylle,
893 3235 1026 3298 donans
1053 3242 1245 3317 spontanea

188 3337 354 3419 largitate
377 3356 476 3402 suam
510 3336 629 3399 uillam
658 3337 701 3399 de
730 3335 954 3418 Poceswylle,
978 3355 1056 3397 cum
1085 3335 1243 3398 omnibus

190 3436 475 3522 possessiunculis
495 3437 658 3501 fratribus
685 3436 853 3519 praedicti
881 3435 949 3499 loci
975 3435 1010 3497 in
1037 3435 1244 3498 adiutorium

188 3558 267 3602 cum
286 3538 466 3603 territoriis
480 3536 572 3621 quod
586 3545 709 3620 postea
724 3537 894 3600 concessit
907 3536 1026 3599 eodem
1041 3536 1115 3599 iure
1127 3544 1244 3599 noster

188 3639 343 3704 basileus
357 3637 561 3705 AEbelredus
592 3657 708 3702 coram
735 3637 891 3701 testibus.
945 3636 1112 3699 AElfribus
1140 3638 1245 3700 etiam

188 3760 289 3805 meus
305 3740 517 3823 propinquus
533 3739 576 3802 de
593 3738 815 3803 Beuncumbe
831 3737 978 3819 largitus
995 3744 1048 3801 est
1065 3757 1171 3800 unum
1188 3759 1246 3802 rus

188 3842 293 3906 iuxta
320 3839 475 3924 Pydelan
505 3847 656 3923 quatuor
684 3845 852 3916 cassatos
879 3846 958 3920 post
985 3837 1057 3901 dies
1080 3837 1248 3903 Leofwini

191 3941 304 4008 nostri
327 3941 534 4024 propinqui;
564 3939 773 4005 AElfwoldus
802 3958 940 4022 quoque
969 3938 1004 4001 in
1026 3938 1248 4022 Blacewyrde

190 4042 344 4129 quinque
361 4061 512 4120 mansas,
526 4049 607 4124 post
622 4060 705 4104 suae
722 4039 879 4121 coniugis
897 4039 1028 4102 obitum
1043 4039 1094 4102 illi
1111 4060 1248 4105 monas-

191 4143 280 4211 terio
294 4142 474 4208 concessit.
522 4143 568 4208 Et
580 4162 644 4223 ego
659 4141 784 4205 mando
800 4140 835 4203 in
854 4140 991 4205 nomine
1002 4140 1248 4222 omnipotentis

241 4260 328 4307 rou.
353 4260 408 4306 111.
1076 4258 1098 4315 Q
