2858 4890
453 369 625 418 cesaria
647 367 985 418 nnenosnxonrcnn.
1173 349 1237 415 281

545 617 886 684 DCLXXXVIII.

532 767 796 845 AEDELRED,
820 768 897 832 995.

238 919 383 1002 ›1⁴Guu
410 919 572 1000 exigente
596 916 803 1000 protoplasti
829 916 977 999 piaculo,
995 920 1236 985 successionis·

187 1038 251 1102 que
268 1020 343 1083 eius
358 1024 573 1100 promerente
593 1035 781 1080 naeuorum
800 1018 975 1098 contagio,
991 1018 1123 1083 lubrica
1140 1041 1239 1084 mnn-

187 1119 295 1182 danae
316 1118 544 1182 uolubilitatis
572 1117 685 1181 orbita
706 1136 798 1179 nunc
826 1117 951 1179 infimis
979 1137 1125 1192 summa,
1148 1140 1238 1184 nunc

187 1237 266 1281 nero
289 1218 433 1280 summis
455 1217 573 1280 infima
592 1235 731 1280 uersare
753 1218 976 1298 conspicitur,
993 1225 1028 1282 et
1050 1218 1114 1282 hoc
1137 1220 1239 1285 modo

186 1317 472 1401 prosperitatibus
509 1316 684 1397 erigendo,
718 1335 809 1379 nunc
841 1317 1027 1381 indiscreto
1058 1319 1240 1383 cuiuslibet

186 1416 363 1482 infortunii
383 1417 455 1481 ictu
479 1415 667 1480 deiiciendo
692 1415 803 1479 solum
818 1416 975 1498 adusque
999 1417 1152 1497 deludit;
1175 1438 1238 1483 nec

187 1518 347 1601 cuiquam
364 1517 561 1580 mortalium
577 1517 654 1597 quis
671 1516 736 1578 sibi
754 1515 830 1578 finis
855 1524 994 1579 maneat
1008 1526 1116 1598 patet,
1134 1538 1239 1582 unum

187 1616 410 1699 proculdubio
443 1623 552 1680 restat
585 1615 770 1697 unicuique
794 1615 944 1680 sollicita
966 1617 1240 1683 consideratione

186 1716 411 1799 pensandum,
428 1735 470 1780 eo
491 1715 622 1780 scilicet
643 1715 818 1779 ardentius
835 1715 870 1778 in
893 1717 1107 1779 aeternitatis
1124 1736 1240 1783 amore

188 1835 281 1899 spem
312 1816 431 1897 figere,
464 1836 533 1898 quo
569 1815 723 1879 uelocius
757 1815 872 1878 omnia
914 1817 1113 1896 temporalis
1147 1818 1240 1883 uitae

187 1936 362 2000 prospera,
397 1916 495 1981 uelut
530 1917 652 1978 umbra
689 1922 875 1978 cernuntur
903 1915 1050 1991 elabere,
1082 1923 1117 1980 et
1149 1918 1241 1999 quod

187 2017 334 2099 propriis
362 2017 508 2098 quisque
541 2016 660 2099 nequit
686 2015 815 2078 meritis
844 2023 1040 2078 sanctorum
1070 2024 1241 2081 mereatur

187 2117 342 2197 optinere
374 2115 560 2197 suffragiis,
597 2124 637 2178 ut
666 2134 725 2178 eos
762 2115 797 2177 in
830 2114 890 2178 illo
917 2114 1084 2178 tremendi
1119 2117 1241 2181 iudicis

188 2217 345 2280 examine
366 2223 531 2298 patronos
547 2215 715 2291 inueniat,
732 2233 819 2296 quos
836 2213 872 2276 in
890 2213 955 2277 hac
974 2215 1046 2278 uita
1061 2215 1118 2277 uel
1135 2218 1243 2297 patri-

187 2316 291 2380 monii
321 2315 375 2378 sui
404 2315 673 2379 haereditatibus
703 2313 881 2396 ampliare,
910 2314 966 2376 uel
1000 2315 1035 2376 in
1067 2323 1241 2396 potestate

187 2416 250 2485 sibi
285 2414 453 2495 diuinitus
483 2413 591 2478 allata
620 2419 724 2496 prout
756 2414 868 2477 ualuit
902 2413 1070 2477 honorare
1101 2418 1241 2498 sategit.

188 2515 412 2598 Quapropter
436 2534 500 2594 ego
527 2512 699 2589 AEbelred,
727 2514 833 2578 totius
858 2511 1053 2594 Anglorum
1080 2515 1242 2595 nationis

187 2617 321 2694 snmm'o
359 2633 472 2678 rerum
511 2613 634 2696 opifice
666 2613 847 2693 largiente,
880 2612 976 2693 regni
1008 2615 1242 2695 gubernacula

186 2714 344 2789 sortitus,
373 2713 511 2795 superni
545 2713 637 2794 regis
672 2712 835 2775 instinctu
871 2732 1001 2775 memor
1031 2716 1242 2795 apostolicae

185 2815 278 2878 beati
310 2812 413 2877 Pauli
444 2813 646 2889 sententiae,
680 2831 749 2894 qua
776 2811 913 2876 diuinae
943 2812 1240 2894 longanimitatem

185 2913 372 2998 patientiae
407 2912 598 2975 sublimiter
627 2911 808 2988 extollens,
846 2931 989 2994 opacam
1026 2914 1241 2977 uniuscuius-

186 3032 253 3095 que
270 3012 514 3076 conscientiam
542 3013 661 3093 uigore
685 3028 828 3094 asperae
854 3013 1056 3075 inuectionis
1075 3014 1241 3096 increpat,

185 3112 316 3188 dicens,
332 3110 408 3174 ‘An
424 3111 577 3192 ignoras,
587 3111 669 3193 quia
682 3112 850 3192 patientia
863 3112 917 3175 dei
933 3113 977 3174 ad
993 3113 1240 3194 poenitentiam

184 3219 218 3277 te
248 3209 426 3274 adducitl'
487 3211 540 3273 Ea
568 3230 656 3293 quae
687 3211 900 3292 negligenter
924 3212 1115 3276 iuuentutis
1144 3232 1241 3277 meae

184 3318 352 3393 tempore,
387 3329 483 3391 quae·
501 3310 645 3373 diuersis
675 3310 806 3374 solebat
836 3313 886 3373 uti
915 3312 1065 3374 moribus
1094 3315 1239 3392 excessi,

183 3411 266 3475 dum
294 3429 350 3473 me
375 3408 494 3473 diuina
523 3410 766 3491 praeueniente
804 3412 918 3491 gratia
945 3412 980 3473 in
1006 3412 1114 3475 uirilis
1137 3415 1241 3477 robur

183 3510 311 3575 aetatis
329 3509 437 3585 euasi,
454 3509 536 3573 totis
557 3510 687 3573 uiribus
714 3509 758 3572 ad
783 3510 933 3573 melioris
950 3510 1084 3575 arbitrii
1109 3513 1239 3576 cultum

183 3616 319 3674 mutare
345 3608 472 3684 studui,
490 3618 529 3672 ut
553 3617 589 3673 et
608 3617 740 3672 reatum
763 3610 886 3691 prioris
908 3611 1123 3690 ignorantiae
1146 3613 1239 3676 salu-

181 3710 291 3775 briter
307 3708 500 3785 suaderem,
516 3715 551 3772 et
568 3729 611 3772 ne
634 3715 752 3772 tantae
772 3709 978 3790 benignitati
993 3710 1160 3792 ingratus,
1179 3714 1239 3776 sed

183 3817 262 3874 tota
293 3808 418 3872 mentis
447 3809 636 3871 intentione
668 3816 789 3889 gratus
817 3810 1010 3873 existerem.
1074 3811 1175 3875 Unde
1206 3824 1240 3877 et

183 3914 311 3990 rogatu
348 3907 525 3971 cuiusdam
559 3907 661 3970 michi
692 3908 874 3971 admodum
906 3910 1021 3974 dilecti
1057 3912 1240 3991 pontifioiS,

184 4010 262 4090 ipsa
278 4026 346 4070 non
365 4008 477 4069 minus
493 4015 630 4071 actuum
649 4009 819 4089 probitate
833 4029 936 4091 quam
956 4010 1122 4074 naturalis
1139 4031 1238 4075 uoca-

183 4107 257 4172 buli
279 4106 504 4189 impressione
528 4105 716 4184 Goduuini,
733 4109 905 4189 quandam
925 4111 1013 4173 ruris
1035 4109 1239 4191 portionem,
