2858 4890
180 381 244 447 102
437 394 610 446 curarim
633 391 977 443 ancnosaxomcrn.

184 562 230 619 aet
247 554 493 631 Yranceaster,
515 573 620 618 unam
655 571 793 636 quoque
828 559 875 616 aet
904 551 1056 616 Ticcean
1084 550 1234 630 Mersce,

185 655 325 738 insuper
341 663 376 720 et
390 654 554 719 tredecim
571 654 677 718 libras
694 672 758 737 pro
775 651 924 736 pecunia
949 651 1116 736 appendit
1131 659 1167 717 et
1185 654 1234 718 sic

187 755 298 820 altera
312 756 389 820 uice
405 754 596 820 Niwantun
612 753 797 818 mercando
820 752 1021 836 adquisiuit.
1066 752 1234 818 Leofstan

187 854 327 939 quidam
351 855 450 920 miles
466 856 510 920 ob
525 853 756 938 patrocinium
772 854 827 918 sui
844 853 1055 931 muniminis,
1069 854 1234 936 episcopo

188 975 344 1021 mansam
360 963 396 1021 et
406 955 583 1021 dimidiam
594 956 630 1019 in
640 954 789 1020 'liccean
802 953 939 1019 Mersce
952 954 1106 1036 gratuite
1120 954 1233 1036 dedit3

187 1055 364 1121 dimidiam
385 1075 469 1121 uero
493 1075 650 1121 mansam
667 1075 689 1120 a
711 1053 861 1139 quadam
877 1053 985 1118 uidua
1004 1055 1235 1137 comparauit,

188 1176 292 1221 unam
301 1163 417 1221 autem
428 1176 585 1221 mansam
598 1174 701 1240 quam
710 1156 767 1219 fur
777 1155 917 1239 quidam
926 1162 1008 1220 ante
1018 1155 1236 1238 possederat,

189 1275 211 1320 a
230 1277 312 1339 rege
331 1276 410 1321 cum
431 1257 576 1340 triginta
596 1257 771 1321 mancusis
795 1255 872 1320 auri
892 1255 986 1321 emit.
1036 1254 1235 1321 Wudestun

187 1357 366 1439 praefatus
382 1358 520 1440 praesul
536 1377 558 1422 a
571 1377 654 1440 rege
670 1357 831 1434 mutauit,
843 1355 930 1420 dans
945 1355 1065 1420 uillam
1083 1355 1234 1421 Paninc·

189 1465 251 1522 tun
263 1458 299 1522 in
314 1458 581 1523 commutatione
596 1476 701 1541 quam
716 1456 879 1540 episcopo
894 1456 1074 1539 superstiti
1083 1457 1235 1539 AElfsige

188 1564 269 1641 post
282 1559 415 1623 obitum
437 1559 511 1624 eius
533 1557 753 1638 condixerat3
777 1556 903 1639 uiginti
923 1557 1075 1641 quinque
1093 1577 1234 1623 mansas

189 1678 279 1742 quae
306 1657 515 1724 Geakesleia
541 1659 763 1723 nominantur
787 1676 874 1740 quas
896 1656 992 1721 dedit
1013 1665 1158 1723 sanctae
1180 1658 1234 1723 del

190 1759 350 1841 genitrici
372 1779 575 1843 semperque
601 1758 729 1840 uirgini
752 1757 888 1822 Mariae
911 1765 958 1822 aet
980 1757 1133 1842 Bornige
1158 1778 1234 1823 mu-

190 1860 280 1924 tauit
296 1880 318 1925 a
333 1859 546 1938 Wulsstano,
563 1860 674 1942 primo
691 1879 770 1923 cum
790 1858 916 1940 uiginti
936 1865 1088 1941 quatuor
1104 1860 1235 1924 mansis

189 1960 225 2023 in
239 1959 522 2043 Wassangatune
545 1959 581 2023 in
606 1957 808 2037 Sudsaxon3
838 1978 1044 2042 rursumque
1069 1978 1148 2024 cum
1176 1959 1235 2024 ille

189 2066 300 2125 totum
314 2061 427 2125 hocin
443 2059 536 2124 aliud
551 2059 735 2125 transferre
752 2057 932 2124 moliretur
948 2059 1132 2143 episcopus
1151 2061 1235 2126 alte-

189 2179 263 2225 ram
282 2161 576 2244 comparationem
591 2161 775 2238 innouans,
791 2179 870 2223 cum
890 2160 1076 2242 sexaginta
1089 2160 1235 2243 purissi-

189 2262 237 2325 mi
252 2262 349 2326 libris
364 2262 500 2344 argenti
516 2262 560 2327 ab
576 2260 722 2326 AElfrico
739 2261 1024 2343 supranominato
1040 2261 1236 2343 praedictas

189 2362 315 2444 uiginti
344 2363 496 2445 quinque
521 2381 662 2425 mansas
684 2369 730 2425 aet
751 2367 856 2426 twam
883 2359 1115 2440 Gealreslcan‚
1136 2367 1173 2426 et
1190 2370 1237 2428 act

192 2461 465 2527 Farreshehasde
487 2462 716 2544 comparauit,
737 2480 819 2524 nam
841 2461 960 2525 uillam
978 2479 1067 2543 quae
1088 2463 1235 2529 Beruwe

188 2563 224 2625 in
242 2561 428 2643 Lindesige
443 2563 641 2627 nominatur
648 2562 739 2626 idem
749 2562 932 2644 episcopus
947 2580 969 2625 a
982 2582 1064 2644 rege
1076 2563 1236 2646 praefato

188 2682 267 2726 cum
291 2662 523 2746 quadraginta
547 2662 634 2726 meri
651 2663 787 2744 argenti
811 2662 908 2726 libris
925 2662 1070 2727 emendo
1092 2669 1234 2748 compa·

189 2763 290 2839 rauit,
326 2771 363 2828 et
395 2764 537 2846 insuper
566 2781 710 2826 munera
745 2761 810 2826 sibi
841 2763 951 2827 multo
984 2762 1049 2826 hac
1086 2766 1236 2846 pecunia

188 2864 324 2928 cariora
339 2884 403 2947 pro
426 2864 545 2929 eadem
568 2863 701 2927 addidit
722 2862 864 2942 tellure;
892 2861 1093 2928 aecclesiam
1115 2873 1232 2931 autem

187 2965 224 3028 in
243 2963 496 3042 Huntandune,
507 2983 586 3028 cum
600 2964 769 3027 cimiterio
786 2972 821 3028 et
836 2964 947 3028 tribus
961 2964 1122 3045 agellulis
1134 2985 1233 3030 man·

186 3065 235 3128 sis
262 3084 326 3128 rex
349 3065 528 3148 praefatus
552 3064 753 3147 supradicto
776 3063 985 3128 monasterio
1005 3065 1049 3129 ob
1071 3071 1235 3132 aeternae

187 3164 411 3229 beatitudinis
428 3165 618 3248 praemium
637 3163 913 3246 gratulabundus
928 3171 1071 3229 aeterna
1085 3165 1234 3249 largitus

187 3273 241 3329 est
273 3265 513 3344 haereditate3
551 3265 617 3329 hoc
646 3272 804 3348 excepto,
839 3266 1125 3348 supranominata
1153 3288 1235 3334 rura

186 3365 303 3428 omnia
317 3366 468 3429 mutauit
478 3365 534 3429 uel
545 3365 628 3429 omit
638 3384 660 3428 a
672 3384 754 3447 rege
770 3365 828 3429 uel
836 3366 1094 3448 possessoribus
1111 3369 1234 3434 maiori

187 3464 356 3528 minoriue
373 3464 507 3547 pretio:
532 3464 682 3547 piscaria
696 3484 780 3530 uero
800 3467 837 3530 in
861 3466 1008 3531 circuitu
1021 3466 1234 3549 uillularnm,

185 3562 329 3647 Wyllan
355 3565 488 3628 scilicet
512 3572 547 3628 et
572 3563 710 3641 Bolum,
738 3565 916 3650 praefatus
939 3566 1023 3630 emit
1050 3568 1234 3654 episcopus

184 3683 264 3728 cum
280 3665 405 3748 uiginti
430 3664 526 3728 libris
544 3684 585 3729 ac
605 3684 675 3730 una
691 3665 780 3729 libra
798 3667 977 3750 inquibus
1000 3686 1062 3749 per
1075 3668 1233 3751 singulos

184 3783 294 3829 annos
326 3782 417 3830 ,xva
447 3765 557 3829 millia
589 3765 822 3848 anguillarum
856 3767 1052 3849 capiuntur.
1122 3768 1233 3837 Cuius

182 3866 402 3953 medietatem
428 3872 606 3948 capturae,
623 3873 704 3930 octo
726 3866 860 3931 scilicet
874 3866 995 3944 millia,
1018 3867 1061 3932 ad
1086 3867 1233 3957 Doruig,

182 3966 341 4030 similiter
366 3975 402 4030 et
428 3973 507 4031 octo
530 3965 640 4029 millia
664 3967 708 4031 ad
733 3967 831 4030 Burh
862 3967 1042 4032 annuatim
1072 3968 1232 4039 distribui

179 4065 271 4130 idem
298 4067 470 4132 concessit
486 4066 681 4148 episcopus.
735 4065 907 4146 Quartam
933 4088 1071 4152 quoque
1096 4080 1231 4153 partem

179 4168 295 4248 stagni
309 4169 402 4252 quod
426 4167 531 4233 solito
546 4166 768 4231 Witlesmere
786 4169 986 4233 nominatur
1001 4179 1175 4252 onomate,
1191 4195 1231 4239 ac
