2858 4890
450 366 623 415 3111311111
645 365 986 416 11131ο31111311131111.
1195 348 1240 413 87

243 525 282 605 ›1‹
298 523 375 607 Ego
391 523 532 606 Eadgar
546 544 610 589 rex
625 523 818 607 praefatam
833 524 1054 588 donationem
1069 524 1237 587 concessi.

196 626 235 706 ›1‹
255 624 333 707 Ego
358 624 521 689 Dnnstan
552 624 827 689 Dorouernensis
857 624 1045 689 aecclesiae
1069 622 1238 706 archiepi-

190 744 314 808 scopus
344 724 556 807 consignaui.
624 727 663 807 ›1‹
684 724 762 807 Ego
791 724 933 790 Oswold
961 724 1239 808 archiepiscopus

189 824 397 890 confirmaui.
454 828 493 908 ›1‹
508 825 584 908 Ego
594 824 785 889 AEbelwold
800 825 982 908 episcopus
1002 826 1235 890 corroboraui.

195 926 233 1008 ›1‹
252 926 331 1009 Ego
347 924 500 990 AElsstan
514 926 695 1009 episcopus
712 926 936 991 consolidaui.
992 928 1032 1008 »1⁴
1051 924 1129 1007 Ego
1145 924 1237 988 AEll·

190 1026 279 1091 wold
295 1027 477 1109 episcopus
490 1025 703 1091 conlirmaui.
756 1025 879 1108 &Ego
889 1025 1042 1091 AEllstan
1054 1027 1236 1109 episcopus

190 1127 353 1193 concessi.
410 1128 449 1208 ›1‹
463 1126 540 1209 Ego
561 1124 722 1211 AElstlryb
738 1128 870 1209 regina.
927 1130 966 1210 ›1‹
983 1125 1061 1208 Ego
1081 1126 1237 1207 AEscwig

189 1228 306 1293 abbas.
382 1230 421 1310 ›1‹
446 1227 524 1310 Ego
559 1227 676 1310 Osgar
706 1228 825 1292 abbss.
898 1230 937 1310 ›1‹
962 1227 1039 1310 Ego
1071 1225 1237 1307 AEbelgar

189 1328 305 1394 abbas.
371 1330 410 1410 ›1‹
432 1328 510 1411 Ego
538 1328 698 1393 AEllbere
721 1329 806 1393 dux.
874 1330 914 1410 »1⁴
936 1327 1014 1410 Ego
1045 1326 1237 1391 AEbelwine

188 1428 271 1494 dux.
339 1431 379 1511 »1⁴
399 1428 477 1511 Ego
500 1428 680 1513 Byrbtnod
703 1429 788 1493 dux.
853 1431 893 1511 »1⁴
914 1428 992 1511 Ego
1019 1427 1126 1491 Oslac
1150 1428 1234 1491 dux.

118 1594 124 1611 ,
191 1528 229 1610 ›1‹
255 1530 335 1612 Ego
365 1526 579 1593 AEbelweard
611 1529 774 1594 minister.
866 1532 906 1612 »1⁴
934 1528 1012 1611 Ego
1045 1527 1234 1592 AEllweard

187 1630 351 1695 minister.
408 1628 536 1712 ›14Ego
550 1628 699 1712 AElssige
715 1630 880 1695 minister.
930 1632 969 1712 ›1‹
987 1629 1064 1711 Ego
1081 1628 1236 1692 Heanric

187 1730 351 1795 minister.
407 1732 446 1812 ›1‹
467 1730 545 1813 Ego
561 1728 671 1795 Lenia
686 1731 852 1795 minister.
908 1732 947 1812 ›1‹
965 1730 1042 1813 Ego
1059 1729 1236 1793 Leoswine

188 1831 351 1897 minister.

595 2126 828 2194 onxxm.

547 2248 769 2357 uineis,
793 2276 872 2342 972.

240 2426 280 2509 ›1‹
297 2425 406 2491 Anno
419 2426 465 2491 ab
476 2426 713 2492 incarnatione
727 2426 855 2492 domini
870 2426 979 2491 nostri
991 2425 1096 2491 Ibesu
1108 2425 1236 2491 Gbristi

188 2543 444 2594 mccccnxxn.
472 2527 551 2610 Ego
573 2528 715 2611 Eadgar
742 2548 805 2591 rex
837 2534 873 2591 et
896 2527 1107 2610 primicerius
1129 2529 1236 2593 totius

186 2625 466 2706 Albionis,ru1·is
488 2628 661 2711 quandam
685 2627 904 2712 particulam,
925 2628 1023 2691 denis
1044 2629 1089 2691 ab
1108 2629 1237 2693 accolis

186 2728 403 2793 aestimatam
415 2729 672 2807 mansiunculis,
682 2730 718 2793 in
727 2729 805 2794 loco
816 2730 875 2811 qui
890 2728 1014 2792 dicitur
1025 2726 1236 2808 Corsantun,

185 2828 340 2906 liberam,
356 2836 495 2911 praeter
515 2848 629 2895 arcem
650 2839 792 2913 pontem
816 2829 1150 2913 expeditionemque,
1170 2831 1235 2894 sub

184 2928 350 2993 instinctu
371 2928 480 2992 diuini
492 2930 625 2995 amoris
648 2937 684 2995 et
705 2931 850 3007 timoris,
866 2930 931 2994 deo
952 2930 1180 3012 omnipotenti
1200 2938 1235 2994 et

183 3037 308 3095 sancto
333 3027 441 3095 Petro
465 3029 655 3094 humillima
675 3030 860 3095 deuotione
887 3031 923 3094 in
950 3030 1092 3094 ciuitate
1113 3028 1235 3112 Aqua·

184 3130 301 3195 mania
323 3128 429 3194 offero
456 3137 492 3195 et
513 3131 715 3195 commendo
734 3150 777 3194 ea
799 3131 1004 3213 interposita
1025 3131 1171 3206 ratione,
1196 3139 1236 3194 ut

183 3230 313 3295 nullius
330 3230 457 3295 ordinis
467 3230 570 3295 homo
586 3230 652 3296 boc
665 3240 822 3296 nostrum
834 3230 1036 3295 donatiuum
1048 3229 1235 3308 decretum,

183 3331 350 3415 quamdiu
379 3330 613 3396 christianitas
638 3333 673 3396 in
696 3329 890 3413 Anglorum
915 3331 1034 3412 uigeat
1065 3331 1234 3413 partibus,

182 3432 259 3497 sine
273 3432 328 3497 ire
343 3438 379 3496 et
394 3431 547 3497 uindicta
565 3432 810 3515 omnipotentis
828 3431 884 3495 dei
903 3430 1031 3495 audeat
1047 3431 1235 3514 irrumpere

183 3533 241 3598 uel
257 3532 481 3617 temptauerit
494 3531 692 3615 infringere.

235 3633 313 3716 Ego
339 3632 481 3715 Eedgar
510 3651 573 3698 rex
600 3633 755 3698 concessi
776 3639 813 3695 et
836 3630 1023 3714 subscripsi
1042 3633 1096 3713 »1«
1158 3630 1235 3711 Ego

183 3732 350 3799 Dunstan
390 3733 667 3818 archiepiscopus
701 3732 859 3797 consensi
903 3740 938 3796 et
974 3732 1160 3814 subscripsi
1177 3732 1233 3812 *1⁴·

183 3832 262 3917 Ego
294 3831 486 3897 AEilelwold
516 3836 698 3918 episcopus
727 3833 886 3898 consensi
913 3840 949 3896 et
973 3832 1157 3915 subscripsi
1179 3833 1233 3913 *1⁴·

185 3932 263 4016 Ego
294 3933 449 3998 AElt'stan
482 3935 664 4019 episcopus
696 3934 854 3998 consensi
885 3941 921 3997 et
954 3932 1141 4015 subscripsi
1177 3935 1234 4015 *1⁴-

185 4034 263 4117 Ego
292 4034 452 4099 AElfbero
482 4034 555 4099 dux
582 4035 741 4099 consensi
768 4042 804 4098 et
833 4033 1019 4116 subscripsi
1038 4035 1095 4115 ³1⁴.
1158 4033 1235 4115 Ego

186 4132 377 4201 AEtolwino
390 4136 463 4201 dux
478 4137 637 4201 consensi
653 4144 689 4200 et
704 4134 893 4216 subscripsi
913 4137 970 4217 »1«
