2858 4890
180 334 245 400 114
437 351 611 401 curaris
633 351 975 405 nnouosnxorucns.

180 511 242 575 sed
264 511 508 594 superstitiosa
524 512 712 594 subtilique
734 511 808 575 eius
827 510 1077 593 disceptatione
1097 529 1120 574 a
1140 510 1232 594 sapi.

182 613 317 676 entibus
340 611 426 675 meis
448 610 580 689 audita,
602 631 643 675 ac
667 610 924 676 conflictatione
946 610 1041 675 illius
1065 611 1234 676 mendosa

182 713 226 775 ab
257 712 397 789 eisdem,
422 732 477 775 me
507 717 700 794 praesente,
730 711 902 787 conuicta,
940 711 1178 775 monasteriali
1212 731 1233 775 a

182 831 237 875 me
268 812 403 876 reddita
429 819 483 876 est
515 813 605 888 usui,
640 830 730 875 anuo
760 812 952 880 dominicae
984 812 1233 876 incarnationis

184 928 471 976 mccccuxxrm.
505 913 603 993 regni
631 931 715 976 uero
742 912 810 975 mei
835 929 946 977 ,xma
971 912 1087 993 regiae
1112 931 1232 976 conse-

182 1013 347 1076 crationis
373 1013 495 1094 primo.
557 1010 662 1075 Hanc
688 1032 772 1076 uero
801 1012 1029 1077 restitutionis
1056 1012 1233 1075 scedulam

182 1112 350 1194 praedicti
373 1113 509 1177 abbatis
533 1118 671 1194 rogatu,
697 1111 903 1177 obfuturas
927 1111 1142 1195 posteritatis
1163 1132 1233 1175 me-

183 1212 327 1275 moriam
366 1218 523 1276 tenacem
565 1232 732 1277 caraxare
770 1212 943 1295 praecepi,
982 1232 1028 1276 ne
1067 1212 1233 1295 quamdiu

183 1311 372 1376 christiana
402 1313 488 1377 fides
516 1313 614 1393 uiget
644 1313 679 1377 in
712 1313 925 1377 nostratibus
957 1314 1001 1377 ab
1034 1312 1153 1394 aliquo
1178 1319 1234 1395 ty·

183 1413 316 1476 rennici
344 1419 538 1495 potestatus
563 1413 758 1495 praefatum
779 1433 851 1490 rus,
868 1414 912 1477 ab
931 1413 992 1477 illo
1010 1420 1134 1477 sancto
1154 1411 1232 1477 loeo

185 1512 364 1590 uiolenter,
384 1513 477 1595 quod
499 1514 603 1590 absit,
625 1514 828 1596 aligenetur.
880 1512 938 1579 Ab
960 1511 1128 1578 affinitate
1149 1533 1234 1578 uero

184 1613 499 1682 circumiacentium
537 1613 766 1694 agellulorum
798 1613 884 1678 haec
918 1621 1109 1678 memorata
1139 1620 1234 1677 terra

183 1713 319 1794 giratur
340 1714 525 1778 territorio.
578 1713 700 1778 Idonei
722 1720 828 1778 testes
854 1715 941 1796 regii
960 1714 1042 1779 doni
1063 1714 1233 1796 astipula-

180 1819 276 1878 tores
292 1820 373 1878 suut
388 1815 458 1878 isti.

239 1915 279 1995 »14
304 1914 383 1997 Ego
424 1914 566 1996 Eadgar
602 1932 665 1977 rex
703 1912 898 1977 uexillisero
937 1914 1038 1996 signo
1075 1914 1235 1996 trophaei

184 2015 362 2096 proprium
393 2013 513 2078 datum
538 2014 772 2079 corroboraui.
838 2014 876 2094 »14
900 2014 977 2094 Ego
992 2015 1158 2079 Dunstan
1180 2035 1235 2079 er-

185 2113 362 2196 ehipastor
389 2113 560 2178 salutiferi
580 2114 745 2195 stigmate
768 2114 887 2196 gabuli
910 2115 1069 2179 consensi
1092 2122 1128 2179 et
1151 2117 1234 2179 sub·

185 2214 320 2298 scripsi.
378 2216 417 2296 »14
435 2214 511 2296 Ego
539 2213 682 2279 Oswald
712 2215 859 2279 antistes
891 2215 1021 2280 uiuifioi
1052 2215 1234 2297 signaculo

187 2314 353 2397 triumphi
368 2314 460 2377 idem
475 2314 699 2396 adstipulaui.
743 2317 782 2397 »14
797 2315 874 2396 Ego
887 2313 1078 2381 AEbelwold
1091 2315 1233 2398 praesul

186 2415 377 2479 taumatioo
392 2415 504 2478 crucis
519 2414 635 2495 sigillo
652 2415 739 2478 illud
755 2414 967 2480 confirmaui.
1017 2418 1057 2498 »14
1072 2414 1151 2480 Nos
1162 2425 1234 2481 tres

186 2513 349 2577 uniformi
369 2515 510 2596 proprio
524 2515 691 2579 AElfstani
705 2516 919 2597 appellatiuo
933 2515 1144 2580 uocitamine
1161 2517 1234 2600 epi-

186 2613 284 2696 scopi
308 2614 602 2695 oonsignauimus.
667 2619 707 2699 »14
722 2616 798 2696 Ego
813 2616 1017 2699 Byrhthelm
1038 2617 1235 2701 geminique

188 2712 393 2779 AEbelwoldi
423 2716 576 2798 episcopi
610 2717 847 2779 consensimus
885 2723 921 2781 et
954 2717 1235 2799 subscripsimus.

193 2815 324 2897 ›14Ego
342 2813 498 2880 AElfhere
515 2816 588 2880 dux
611 2817 771 2880 consensi
790 2822 826 2880 et
842 2817 1040 2900 subscripsi.
1097 2819 1136 2899 »14
1159 2817 1236 2897 Ego

188 2914 390 2999 AEbelwyne
399 2915 472 2979 dux
485 2916 644 2981 consensi
657 2922 692 2980 et
703 2916 904 2999 subscripsi.
960 2920 999 3000 »14
1015 2917 1092 2998 Ego
1103 2917 1235 3000 Byrbt·

188 3015 254 3082 nob
270 3017 342 3080 dux
359 3017 558 3100 subscripsi.
616 3019 654 3099 »14
672 3018 748 3099 Ego
766 3016 872 3080 Oslac
893 3037 1008 3083 comes
1025 3025 1060 3081 et
1078 3018 1235 3101 praefec-

188 3122 245 3180 tus
271 3118 440 3182 consensi.
498 3116 827 3200 ›14EgoWu1fstan
849 3118 1045 3200 praefectus
1061 3120 1235 3184 consensi.

181 3217 233 3296 »14
250 3216 326 3297 Ego
343 3215 538 3282 AEbelwerd
568 3218 744 3301 fraterque
771 3237 869 3281 meus
892 3217 1060 3283 AElswerd
1085 3219 1236 3283 ministri

188 3316 424 3379 consensimus
447 3324 483 3379 et
505 3318 781 3402 subscripsimus.
839 3320 879 3400 »14
896 3318 973 3400 Ego
1002 3317 1135 3382 Eadulf
1152 3338 1234 3383 con·

186 3415 279 3481 sensi
296 3423 331 3478 ot
347 3415 546 3498 subscripsi.

593 3710 839 3778 nuxxxu

529 3831 781 3940 *sinsin
802 3860 879 3927 974.

241 4009 280 4089 »14
298 4007 343 4074 ΙΝ
360 4007 497 4086 nomine
510 4007 640 4073 domini
657 4011 767 4074 nostri
783 4009 889 4075 Ihesu
906 4009 1035 4075 Christi
1050 4012 1237 4080 saluatoris

184 4109 311 4174 cosmi!
365 4108 629 4191 Magnificentia
654 4112 885 4175 concessionis
915 4111 1053 4177 diuinae
1081 4117 1238 4182 sensibili
