2858 4890
463 375 638 425 cusanus
662 378 1003 430 Anonosnxonrcrn.
1197 370 1264 434 275

208 527 327 591 landes
347 527 389 591 fif
404 527 497 593 hida.
551 528 617 595 Dis
640 532 718 595 sind
741 537 783 618 ba
809 535 1042 617 landgemaera
1064 547 1100 603 to
1124 539 1259 605 hwifer-

207 628 330 691 mirsce
354 651 377 719 7
400 636 437 693 to
467 629 663 712 polestede.
689 632 730 697 of
753 634 973 720 loppandyne
1005 646 1041 704 to
1076 640 1259 724 scelfleage

205 725 255 789 fri
278 727 379 809 leage
406 736 443 794 to
470 731 599 814 mercyl
621 732 726 821 7laug
750 737 899 819 mercyle
923 739 997 802 into
1022 747 1135 803 sture.
1152 741 1257 832 7laug

205 833 300 892 sture
331 835 369 892 to
399 828 610 895 leofmannes
643 852 790 913 gemaere
818 837 924 926 7lang
948 838 1159 904 leofmannes
1186 862 1256 923 gae-

204 944 307 992 maerc
338 937 375 992 to
398 928 651 994 amalbumau.
679 933 731 995 fra
753 936 980 1000 amalburnan
1001 945 1038 1002 to
1061 937 1255 1006 nordfelda.

203 1024 265 1090 doii
287 1026 361 1091 ford
379 1036 417 1093 to
431 1030 647 1095 bindhaecce.
665 1031 717 1095 fra
736 1033 933 1099 bindhaeccc
953 1047 990 1101 to
1013 1040 1254 1105 tudanhaecca.

203 1126 252 1190 fra
273 1128 499 1194 tudanhaecce
525 1139 562 1195 to
590 1131 852 1214 giddincgforda
875 1135 928 1198 fri
949 1137 1191 1219 giddingforda
1219 1149 1255 1204 to

203 1226 387 1293 huntstede
403 1229 456 1293 fri
474 1230 658 1296 huutstede
682 1240 718 1296 to
746 1227 958 1317 hwitincghf)
987 1239 1039 1300 fri
1066 1239 1255 1321 hwitingho

202 1334 237 1391 to
259 1328 505 1394 wudemaunes
520 1339 601 1396 tunc
615 1381 624 1396 .
640 1332 693 1394 fri
720 1334 964 1399 wudemannes
987 1344 1069 1402 tune
1091 1347 1127 1403 to
1151 1359 1253 1404 caere·

202 1446 282 1508 sege
299 1448 480 1511 gaemaerc.
503 1431 554 1493 fri
575 1433 739 1514 oaeresige
765 1454 912 1514 gemaere
936 1444 972 1501 to
996 1436 1172 1522 haedleage
1194 1461 1254 1522 ge-

202 1547 327 1594 maere.
345 1528 398 1592 fri
424 1530 602 1613 haedleage
627 1552 787 1614 gaemaere
809 1541 846 1598 to
873 1534 990 1617 hlighr'i
1018 1558 1175 1619 gemaere.
1202 1540 1253 1604 fri

202 1626 319 1709 hlighii
340 1649 488 1711 gemaere
504 1631 553 1696 eft
567 1640 604 1696 to
619 1633 850 1716 loppandyne.
901 1637 956 1700 To
981 1638 1167 1703 hwifraeme
1187 1689 1194 1703 .
1216 1689 1250 1704 ..

201 1726 320 1791 landes
345 1777 556 1796 .......

246 1828 361 1894 Dorso.
414 1830 552 1896 AElllaed
571 1832 860 1925 Georlesworbey
877 1834 1071 1901 Gohefelde.

578 2120 874 2188 DCLXXXVI.

523 2270 544 2311 *
559 2268 823 2346 AEDELRED,
847 2270 923 2333 994.

252 2423 291 2504 ›1‹
315 2419 467 2483 Rncrou
491 2416 711 2499 altipolorum
734 2417 893 2481 culminis
915 2427 1020 2500 atquo
1040 2420 1247 2486 architector

197 2539 353 2584 summae
374 2518 525 2582 fabricae
551 2517 733 2580 aethereae
764 2518 875 2594 aulae,
900 2538 945 2582 ex
971 2518 1077 2584 nihilo
1107 2521 1245 2604 quidem

196 2627 324 2684 cuncta
351 2619 493 2694 creauit,
511 2617 656 2694 coelum,
681 2616 825 2692 scilicet,
848 2625 884 2681 et
908 2625 1045 2694 terram,
1066 2626 1100 2683 et
1130 2622 1246 2686 omnia

196 2740 285 2804 quae
316 2720 353 2782 iu
384 2718 433 2781 cis
461 2724 555 2794 sunt,
587 2716 735 2780 candida
754 2717 892 2798 quidem
915 2719 1073 2799 angelica
1094 2723 1244 2802 agmina,

194 2821 315 2896 solem,
332 2819 464 2894 lunam,
480 2815 662 2900 lucidaque
686 2823 793 2894 astra,
811 2825 846 2880 et
868 2827 1006 2882 caetera
1027 2838 1117 2901 quae
1140 2841 1244 2903 super

193 2921 410 2984 firmamento
433 2924 530 2996 sunt;
557 2917 675 2981 mundi
699 2926 813 2980 autem
833 2917 999 2981 fabricam
1022 2919 1242 2984 inenarrabili

192 3021 380 3103 disponens
407 3017 589 3081 ordinent
615 3015 762 3081 Genesis
787 3024 948 3092 testatur,
973 3018 1045 3082 ‘Et
1071 3018 1242 3082 hominem

191 3128 294 3184 sexto
306 3118 361 3182 die
377 3116 541 3180 formauit
558 3117 600 3180 ad
620 3116 876 3180 simihtudinem
888 3118 1010 3192 suam,’
1022 3117 1134 3182 Adam
1146 3119 1242 3183 uide·

189 3219 273 3285 licet
288 3216 514 3300 quadriformi
530 3217 739 3298 plasmatum
758 3216 914 3293 materia,
932 3217 1022 3279 unde
1046 3237 1136 3281 nunc
1158 3238 1241 3282 con·

187 3327 263 3386 stat
280 3335 391 3400 genus
415 3316 614 3393 humanum,
631 3335 720 3399 quae
742 3317 778 3378 in
800 3316 902 3380 terris
925 3323 1090 3394 moratur,
1114 3324 1148 3381 et
1172 3319 1242 3383 ima

184 3430 285 3486 terra
313 3415 748 3491 immaniinmanu
779 3424 814 3479 et
842 3414 979 3479 Lucifer
1006 3437 1083 3479 cum
1109 3417 1241 3483 decimo

184 3519 312 3586 ordine
335 3535 398 3599 per
418 3516 613 3598 superbiam
636 3515 678 3578 de
700 3515 797 3579 coelo
820 3517 899 3578 ruit.
951 3515 1018 3580 Sed
1041 3523 1076 3580 et
1099 3516 1163 3582 hoc
1185 3519 1240 3582 in-

181 3620 287 3685 uidet
317 3613 460 3699 pestifer
482 3614 663 3679 chelidrus
692 3614 946 3697 protoplastum
972 3636 993 3678 a
1024 3615 1088 3680 deo
1121 3618 1239 3682 condi·

182 3730 263 3786 tum
280 3715 500 3780 intellexerat
515 3722 555 3778 ut
576 3714 640 3778 hoc
663 3714 832 3796 impleret,
849 3734 869 3777 a
888 3735 957 3796 quo
972 3715 1046 3796 ipse
1071 3717 1185 3795 miser,
1202 3728 1237 3782 et

180 3816 334 3885 satelliti
359 3815 451 3879 illius
473 3814 516 3878 de
538 3815 634 3879 coelo
656 3815 801 3895 proiecti
826 3824 918 3878 sunt.
976 3815 1077 3878 Heu!
1101 3817 1237 3898 quidem

177 3919 270 3985 boni
294 3914 402 3980 creati
426 3914 589 3978 suntsed
615 3914 855 3978 miserabiliter
877 3914 1022 3996 decepti.
1076 3914 1161 3979 Ideo
1183 3919 1237 3981 iu·

180 4017 292 4083 nidus
319 4013 474 4078 Zabulus
507 4013 589 4076 totis
619 4015 750 4077 uiribus
780 4013 908 4078 homini
938 4014 1081 4089 inuidet,
1115 4016 1239 4081 suadet

177 4116 337 4193 mulieri,
354 4113 477 4176 mulier
492 4113 580 4189 niro,
598 4133 659 4195 per
682 4115 876 4177 suasionem
903 4122 1007 4197 atque
1029 4133 1091 4195 per
1118 4115 1236 4180 inobe-

345 4223 350 4230 ·
1091 4223 1106 4256 r
1118 4213 1134 4257 2
