2858 4890
179 346 244 410 188
435 361 607 409 curaris
633 360 977 408 sucnosnxorucsu.

180 520 264 584 dux.
318 522 357 603 ᾧ
375 518 642 602 EgoByrhtnob
659 520 742 582 dux.
786 517 909 599 ›14Ego
922 514 1045 579 AElfric
1061 514 1230 577 minister.

150 630 152 635 ’
186 623 225 701 ›1‹
249 620 325 700 Ego
344 620 518 683 AEdelmer
533 620 618 685 dux.
689 621 728 699 ›1‹
752 618 828 699 Ego
845 616 1021 700 Eadwyne
1044 614 1130 678 dur.
1189 616 1228 694 ›1‹

183 719 353 784 AElsward
374 720 541 784 minister.
597 722 636 803 '1⁴
655 718 793 799 AElfgar
812 718 979 781 minister.
1036 713 1234 794 fflAElfsige

183 820 351 883 minister.
423 823 462 901 ›1‹
483 821 559 901 Ego
574 816 778 903 Byrhtwold
807 816 972 879 minister.
1035 816 1074 897 ᾧ
1098 812 1235 894 Ulfsige

183 920 349 984 minister.
407 923 446 1001 ›1‹
464 919 587 983 AElsric
605 919 772 982 minister.
826 918 865 996 ›1‹
883 914 1052 979 AElshelm
1068 914 1233 976 minister.

189 1020 228 1101 '1⁴
250 1019 326 1100 Ego
344 1019 475 1083 AElsere
499 1020 582 1083 dux.

575 1304 845 1370 Dcxxxlll.

533 1454 798 1532 AEbELRED,
820 1453 896 1518 982.

242 1606 281 1686 »1⁴
301 1605 590 1670 Cunaruunnuu
622 1603 857 1684 inuestigabili
880 1602 1091 1685 plasmatore
1115 1620 1156 1665 ac
1179 1621 1237 1666 ea·

187 1705 330 1769 rundem
354 1705 599 1769 inaestimabili
624 1704 841 1786 dispositore,
859 1704 919 1786 qui
946 1705 1067 1766 natiua
1095 1722 1160 1766 sua
1185 1703 1238 1765 iu·

188 1806 486 1888 comprehensibili
510 1805 735 1887 dispositione
763 1811 889 1868 cuncta
917 1822 939 1866 a
965 1803 1153 1884 primordio
1187 1804 1241 1864 sni

189 1907 279 1988 regit
296 1913 402 1988 atque
419 1905 582 1987 disponit,
594 1905 630 1967 in
642 1905 784 1986 perenni
801 1904 1016 1970 saeculorum
1035 1903 1241 1967 aeternitate

191 2007 289 2087 regni
318 2005 552 2070 moderamina
590 2011 791 2081 coercente3
835 2005 909 2067 eius
944 2004 1067 2068 inolita
1100 2003 1242 2066 misera-

191 2107 284 2170 tione
307 2107 519 2187 etgratiosa
543 2105 717 2186 largitate,
735 2124 800 2193 ego
819 2103 979 2168 AEdelred
1008 2104 1115 2167 totius
1147 2103 1241 2167 Brit—

87 2272 90 2276 ,
191 2207 351 2269 tannicae
374 2206 524 2269 nationis
551 2205 700 2268 basileus
732 2224 843 2287 aequa
873 2211 978 2284 atque
1011 2203 1243 2266 haereditaria

191 2312 284 2368 sorte
302 2306 490 2388 praelatuS,
505 2306 594 2368 ruris
609 2305 781 2387 quandam
799 2304 859 2367 sed
877 2323 1091 2367 communem
1110 2304 1242 2385 portio-

192 2426 280 2482 nem,
297 2425 402 2487 quam
424 2405 526 2468 huius
552 2406 701 2468 nationis
724 2404 905 2486 indigenae
922 2404 1052 2468 usitato
1073 2412 1120 2467 aet
1140 2403 1243 2467 Stoce

91 2509 93 2513 ’
193 2514 395 2590 nuncupant
416 2512 589 2583 onomate,
609 2505 758 2585 cuipiam
781 2504 884 2567 michi
910 2505 1036 2585 pistica
1059 2504 1245 2567 deuotione

193 2606 342 2669 subnixo
371 2607 579 2669 uocitamine
614 2604 783 2680 Leonico,
810 2601 880 2669 tres
913 2604 1075 2668 uidelicet
1104 2623 1245 2667 mansas

195 2724 236 2768 ac
256 2700 387 2769 mxxi.
411 2702 567 2786 iugerum
584 2705 841 2781 dimensionem,
856 2706 893 2769 in
915 2711 1089 2768 aeternam
1106 2724 1244 2785 posses·

194 2807 326 2869 sionem
353 2806 500 2886 benigne
523 2805 686 2880 concedo,
712 2813 751 2867 ut
776 2806 851 2886 ipse
872 2806 945 2868 uita
967 2805 1091 2868 comite
1114 2806 1245 2886 absque

194 2906 266 2969 ulla
294 2905 566 2969 contradictione
591 2924 668 2967 cum
694 2906 924 2986 prosperitate
946 2924 1057 2968 meam
1079 2903 1169 2967 hanc
1192 2925 1245 2968 re·

194 3006 306 3086 galem
324 3007 543 3070 donationem
561 3006 635 3067 uoti
651 3024 791 3086 compos
808 3012 949 3068 aeterna
971 3004 1146 3086 possideat
1163 3004 1245 3068 hae—

196 3105 353 3180 reditate,
379 3114 413 3169 et
437 3107 548 3187 ipsam
579 3125 655 3167 cum
687 3104 844 3168 omnibus
869 3105 952 3168 illuc
981 3106 1045 3169 rite
1070 3105 1246 3187 pertinen·

87 3220 91 3228 “
196 3206 289 3268 tibus
317 3206 468 3287 pascuis,
506 3205 617 3280 siluis
656 3205 765 3286 pratis
794 3212 829 3268 et
860 3206 1003 3286 campis,
1026 3205 1247 3268 aeternaliter

197 3304 388 3387 possidens,
411 3312 491 3386 post
507 3305 601 3367 uitae
624 3323 707 3367 suae
729 3303 861 3367 lancem
878 3306 1068 3386 cuicunque
1086 3304 1151 3367 sibi
1170 3305 1247 3387 pla·

198 3405 308 3468 cuerit
335 3404 369 3467 in
401 3424 583 3485 perennem
616 3403 833 3486 derelinquat
863 3404 1122 3468 haereditatem.
1195 3404 1248 3468 Sit

198 3510 314 3566 autem
343 3523 401 3566 rus
428 3511 669 3586 praenotatum
696 3505 740 3566 ab
765 3506 858 3567 omni
883 3511 1039 3567 terrenae
1070 3504 1247 3567 seruitutis

197 3604 280 3684 iugo
304 3603 459 3680 liberum,
483 3611 630 3685 excepta
653 3603 883 3685 expeditione,
900 3604 1014 3685 pontis
1033 3606 1168 3667 arcisue
1193 3624 1246 3667 re-

199 3703 424 3766 stauratione.
476 3703 512 3766 Si
536 3704 614 3786 quis
632 3703 738 3784 igitur
754 3724 842 3768 ausu
869 3704 1050 3768 temerario
1066 3703 1156 3767 hanc
1172 3724 1247 3767 car·

199 3812 271 3866 tam
296 3821 371 3864 meo
393 3804 467 3865 iure
488 3812 689 3866 caraxatam
715 3804 751 3866 in
773 3804 867 3867 aliud
887 3805 1070 3886 quicquam
1087 3813 1248 3886 proterue

199 3921 417 3983 corrumpere
434 3903 713 3985 praesumpserit,
737 3904 824 3969 sciat
840 3924 877 3968 se
894 3905 1023 3986 absque
1041 3905 1134 3967 omni
1150 3904 1247 3968 dubi·

198 4008 291 4065 etate
307 4002 351 4064 ab
369 4003 554 4066 aecclesiae
569 4004 624 4066 dei
641 4006 815 4068 consortio
835 4005 870 4067 in
889 4004 954 4068 hac
972 4006 1047 4067 uita
1061 4005 1245 4086 priuatum,

199 4109 232 4166 et
260 4103 295 4164 in
328 4100 444 4164 futuro
475 4104 613 4166 saeculo
647 4123 716 4167 non
747 4125 784 4168 se
812 4104 945 4168 dubitet
970 4105 1029 4167 scd
1059 4105 1246 4168 certissime
