2858 4890
180 369 246 435 108
434 388 607 436 cennrnn
629 377 974 436 nuenosnxoumnn.

233 544 334 609 Haec
357 544 477 629 itaque
502 565 595 624 rura,
622 552 662 610 ut
691 543 882 628 supradixi,
915 563 978 627 pro
1010 539 1235 625 adipiscenda

181 643 371 708 dulcedinis
390 644 529 710 diuinae
547 644 783 710 misericordia
799 653 834 709 et
850 664 913 729 pro
928 643 1120 708 stabilitate
1135 640 1235 722 regni

181 746 260 823 mei,
287 746 407 810 libenti
434 747 550 810 animo
575 747 610 809 in
638 746 719 810 dote
743 745 988 829 perseuerabili
1012 743 1131 818 annui,
1153 761 1232 817 cum

181 845 369 923 aecclesiiS,
383 866 461 911 cum
475 847 577 911 terris
600 845 702 910 cultis
720 852 756 910 et
772 845 924 921 incultis
938 845 1103 919 exitibus,
1118 842 1233 906 reddi-

182 946 286 1023 tibus,
302 947 380 1024 uiis,
395 947 512 1023 inuiis,
528 947 716 1028 segetibus,
737 946 848 1024 siluis,
870 944 1025 1021 brueriis,
1043 943 1234 1008 secundum

182 1047 344 1129 antiquos
365 1046 425 1110 diu
452 1054 612 1111 seruatos
637 1047 822 1111 confinium
852 1047 1030 1123 terminoS,
1051 1045 1087 1108 in
1109 1044 1232 1126 pratis,

181 1146 333 1228 pascuis,
370 1148 470 1229 aquis
508 1166 745 1230 aquarumque
782 1146 995 1225 decursibus,
1034 1144 1233 1228 paludibus,

182 1237 352 1327 piscariis,
369 1248 538 1325 mariscis,
556 1246 774 1322 molendinis
789 1254 825 1310 et
847 1245 1027 1322 theloneiS,
1042 1245 1085 1309 ed
1102 1264 1140 1308 se
1156 1263 1233 1326 per-

183 1346 383 1425 tinentibus,
414 1355 548 1412 etcum
575 1348 668 1411 omni
699 1347 850 1411 utilitate
883 1366 972 1430 quae
998 1345 1078 1409 inde
1104 1343 1235 1427 poterit

183 1448 448 1530 omnitempore
470 1449 619 1526 euenire,
636 1455 671 1511 et
690 1467 767 1510 cum
793 1447 950 1511 omnibus
967 1466 1029 1528 per
1050 1446 1232 1509 circuitum

182 1548 339 1610 terminis
355 1555 390 1611 et
409 1549 510 1611 metis
532 1549 605 1612 suis
627 1548 671 1611 eb
690 1547 787 1628 regia
805 1547 941 1611 actione
961 1554 995 1610 et
1013 1547 1160 1626 angaria
1176 1546 1232 1610 uel

183 1666 205 1711 a
234 1648 388 1730 qualibet
409 1647 580 1712 humanae
607 1647 785 1711 seruitutis
810 1648 1021 1711 subiectione
1045 1646 1232 1724 liberrima,

182 1746 272 1829 lege,
288 1748 461 1825 libertate,
479 1747 740 1824 consuetudine,
766 1761 836 1810 tam
861 1748 947 1811 bene
969 1754 1004 1810 et
1022 1753 1092 1810 tam
1117 1746 1232 1829 plene,

182 1848 273 1912 sicut
288 1868 329 1912 ea
346 1849 410 1912 sub
428 1849 495 1911 mei
511 1849 595 1912 iuris
608 1848 760 1912 dominio
774 1846 1001 1929 suffragatore
1017 1846 1094 1921 deo,
1110 1847 1233 1911 melius

183 1955 219 2012 et
241 1948 383 2013 liberius
406 1949 655 2033 praenominati
684 1947 889 2012 nobilissimi
909 1948 1130 2030 possiderunt
1153 1949 1233 2025 uiri,

182 2048 302 2113 fauore
324 2057 359 2113 et
384 2069 554 2114 consensu
573 2050 759 2131 primatum
782 2055 818 2112 et
839 2048 1044 2131 optimatum
1064 2067 1234 2126 meorum,

181 2150 464 2231 praenominatae
491 2149 680 2214 aecclesiae
706 2149 850 2213 firmiter
875 2156 1043 2232 perpetuo
1073 2148 1236 2214 habenda

181 2251 338 2314 concessi
355 2256 390 2313 et
402 2250 614 2315 confirmaui.

234 2350 286 2415 Ut
317 2351 425 2431 igitur
456 2350 522 2415 hoc
552 2349 748 2414 donationis
780 2368 877 2414 meae
909 2350 1083 2413 decretum
1118 2349 1233 2414 fixiori

182 2449 358 2527 firmitate,
386 2458 422 2513 et
448 2450 640 2515 stabilitate
666 2449 842 2533 perduret,
866 2449 1059 2533 praesentis
1082 2451 1233 2533 paginae

182 2550 365 2634 priuilegio
382 2550 528 2616 decerno
546 2559 581 2616 et
596 2559 726 2628 statuo,
745 2558 784 2614 nt
801 2551 871 2615 sint
891 2550 1001 2615 libera
1017 2557 1052 2614 et
1067 2551 1234 2633 expedita

181 2659 256 2715 tam
281 2650 460 2735 praedicta
485 2653 658 2717 territoria
685 2651 811 2715 ibidem
839 2652 909 2715 iam
935 2651 1030 2727 data,
1057 2670 1162 2734 quam
1194 2671 1235 2715 ee

183 2770 275 2834 quae
292 2770 313 2814 a
331 2748 489 2816 fidelibus
502 2742 664 2835 deinceps
680 2759 762 2816 sunt
779 2751 905 2828 danda,
915 2753 959 2815 ab
977 2752 1071 2815 omni
1087 2753 1235 2832 angaria

183 2850 450 2917 constructionis
466 2853 595 2935 pontis,
605 2853 740 2916 arcisue
757 2852 1032 2929 restaurationis,
1048 2858 1083 2915 et
1099 2853 1144 2915 ab
1161 2872 1234 2916 om-

183 2954 285 3017 nibus
300 2952 535 3017 saecularibus
549 2953 700 3018 seruitiis
718 2959 754 3016 et
765 2953 926 3035 operibus
942 2953 993 3016 ita
1009 2952 1101 3035 quod
1118 2953 1235 3016 nullus

183 3073 333 3137 unquam
355 3073 475 3136 regum
497 3055 553 3117 uel
579 3054 832 3137 episcoporum,
848 3072 911 3116 seu
936 3053 1129 3136 principum
1152 3073 1235 3135 pros

180 3162 381 3218 curatorum
399 3155 474 3218 siue
498 3162 700 3220 exactorum
725 3154 768 3216 ab
791 3153 860 3216 illis
883 3161 1021 3235 pastum
1044 3173 1108 3216 nec
1130 3173 1237 3237 opera

182 3255 239 3318 uel
262 3256 392 3319 tributa
415 3256 559 3336 exigat3
590 3255 651 3318 sed
675 3253 791 3317 omnia
815 3253 885 3317 sint
911 3255 1020 3318 libera
1037 3253 1176 3317 omnino
1201 3262 1236 3319 et

182 3355 300 3437 quieta
316 3373 544 3437 quaecunque
561 3354 720 3439 superius
737 3360 998 3437 praenotantur.
1044 3353 1235 3419 Praeterea

183 3473 228 3518 ex
256 3454 416 3519 consulto
444 3462 479 3517 et
507 3455 740 3519 admonitione
770 3454 1019 3518 uenerabilium
1044 3455 1234 3519 amicorum

183 3575 337 3618 meorum
356 3554 533 3618 Dunstani
555 3556 845 3633 DorobernensiS,
867 3563 903 3618 et
923 3553 1079 3645 Oswaldi
1102 3555 1235 3620 Ebora·

182 3656 295 3720 censis
310 3654 659 3739 archiepiscoporum,
686 3655 824 3720 decreta
846 3655 948 3719 utilia
963 3655 1084 3732 statui,
1099 3663 1140 3719 ut
1157 3658 1235 3740 qui-

182 3774 317 3839 cunque
340 3756 532 3820 maiestatis
556 3757 673 3838 regiae
696 3776 789 3833 reuS,
805 3756 862 3819 uel
885 3755 1069 3820 cuiuslibet
1090 3755 1235 3822 alterius

180 3855 343 3935 offensae,
361 3856 405 3919 ad
426 3856 540 3920 locum
560 3857 658 3920 illum
681 3856 886 3937 confugerit,
903 3856 977 3919 eius
998 3857 1049 3920 rei
1071 3862 1107 3919 et
1128 3877 1236 3922 mem-

181 3957 321 4020 brorum
337 3976 378 4020 ac
394 3957 488 4021 uitae
502 3958 741 4041 impunitatem
758 3965 1013 4040 consequatur:
1030 3975 1235 4040 semperque

180 4058 227 4121 sit
254 4057 424 4121 habitatio
446 4057 705 4135 monachorum,
728 4076 769 4120 ac
796 4057 984 4121 secundum
1006 4056 1101 4121 beati
1119 4058 1234 4124 Bene·

182 4157 264 4223 dicti
289 4158 507 4222 traditionem
530 4167 612 4241 post
631 4158 761 4222 obitum
786 4159 922 4223 abbatis
943 4178 989 4223 ex
1012 4158 1133 4222 eadem
1151 4179 1236 4224 con-
