2858 4890
179 335 244 402 282
443 349 615 399 curasan
637 346 978 396 auenosaxomoan.

180 510 314 573 duobus
332 508 367 570 in
383 508 467 572 locis
483 509 597 585 sitam,
614 527 677 570 sex
693 506 829 589 quidem
846 524 986 569 mansas
1003 525 1091 588 quas
1108 505 1242 570 Cantu-

179 610 243 672 arii
258 629 325 691 syx
343 608 493 689 sulunga
507 608 683 671 nominare
700 607 824 683 solent,
841 606 915 682 illo,
933 605 1076 682 seilicet,
1094 607 1130 668 in
1149 607 1240 682 loco,

180 709 235 772 oui
264 707 461 771 iamdudum
496 708 609 788 gentis
641 707 792 770 eiusdem
824 705 1000 787 indiginae
1031 707 1240 770 uocabulum

181 807 392 871 Wuldaham
417 806 633 884 indiderunt3
660 824 763 868 unam
787 825 925 887 quoque
948 824 1116 882 mansam,
1134 807 1241 869 solita

182 905 376 987 Anglorum
405 907 616 970 uocitatione
642 913 688 968 aet
705 904 937 987 Lytlanbrooe
967 905 1149 968 celebriter
1178 925 1242 988 ap-

181 1006 358 1089 pellatam,
395 1006 563 1070 saluatori
607 1006 759 1068 omniurn
797 1004 934 1069 domino
973 1011 1092 1068 nostro
1132 1005 1240 1069 Ihesu

182 1105 333 1183 Christo,
367 1106 509 1187 eiusque
536 1112 657 1169 sancto
683 1123 724 1168 ac
747 1105 946 1168 beatissimo
968 1102 1130 1168 Andreae
1157 1125 1241 1187 apo

182 1206 286 1282 stolo,
303 1205 347 1268 ad
361 1205 592 1287 pontificalem
607 1204 793 1268 Hrofensis
811 1204 999 1268 aecclesiae
1015 1205 1143 1282 sedem,
1160 1225 1240 1268 cum

181 1304 246 1368 hoc
262 1306 436 1387 praesenti
451 1305 601 1369 eiusdem
620 1305 797 1387 praefatae
815 1303 983 1386 portionis
995 1303 1239 1386 chirographo,

180 1405 217 1468 in
250 1424 432 1486 perennem
462 1405 708 1468 haereditatem
736 1412 771 1468 et
795 1404 1109 1468 iucommutabilem
1136 1425 1240 1469 reno-

181 1523 265 1569 uare
293 1505 446 1569 concessi
475 1505 679 1569 libertatem.
748 1503 919 1586 Haucque
948 1523 1053 1586 super
1084 1503 1241 1568 additam

181 1604 410 1669 conditionem
430 1612 500 1668 tam
523 1624 600 1667 mea
622 1624 726 1687 quam
754 1623 923 1686 supernae
945 1603 1136 1668 maiestatis
1156 1624 1238 1669 auc-

182 1706 334 1782 toritate,
352 1724 430 1768 cum
442 1711 583 1768 sanctae
595 1705 706 1768 crucis
721 1707 759 1786 ›1‹
776 1704 1001 1786 impressione
1017 1704 1239 1787 uigilant[er]

181 1805 399 1886 interponere
424 1805 533 1883 iussi3
572 1812 613 1868 ut
646 1804 739 1868 nulla
765 1802 926 1885 deinceps
948 1804 1051 1867 altior
1079 1803 1240 1869 inferior·

180 1924 223 1967 ue
251 1905 435 1968 cuiuslibet
460 1903 640 1986 dignitatis
667 1922 826 1986 persona,
849 1903 905 1966 uel
930 1923 1017 1967 ausu
1041 1906 1239 1983 temerario,

182 2004 238 2067 uel
260 2004 415 2086 quolibet
440 2004 628 2068 inuenticio
650 2003 795 2067 friuolae
819 2022 861 2066 ac
890 2003 1048 2067 nouellae
1069 2003 1238 2069 adiuuen-

181 2103 287 2168 tionis
312 2103 559 2180 membranulo,
584 2103 650 2167 hoc
676 2103 922 2184 omnipotentis
940 2103 994 2168 dei
1011 2110 1238 2187 nostrumque

181 2210 379 2285 praesumat
402 2204 534 2268 uiolare
561 2203 747 2268 decretum.
800 2202 866 2266 Sed
890 2210 929 2266 ut
952 2204 1020 2267 iam
1046 2206 1239 2285 praenomi-

182 2311 286 2366 natus
307 2304 453 2366 antistes
477 2323 555 2366 cum
581 2322 735 2366 summae
758 2302 953 2366 deuotionis
975 2311 1010 2367 et
1032 2303 1239 2368 humilitatis

180 2403 353 2467 industria
380 2421 401 2465 a
427 2403 524 2484 regia
547 2422 624 2466 mea
639 2403 810 2485 dignitate
826 2404 900 2466 uoti
916 2422 1057 2485 compos
1072 2405 1237 2486 optinuit,

181 2502 323 2565 eandem
362 2503 556 2583 portionem
593 2522 671 2565 oum
712 2503 870 2566 omnibus
908 2503 1111 2566 utensilibus
1148 2524 1238 2586 quae

181 2602 506 2683 deusomnipotens
531 2603 566 2665 in
588 2603 649 2665 illa
674 2603 856 2684 prouenire
882 2602 1101 2680 concesserit,
1120 2603 1238 2685 inpos-

183 2709 293 2785 terum
328 2721 461 2783 semper
489 2709 524 2765 et
550 2703 624 2783 ipse
652 2702 749 2765 cuius
777 2702 932 2765 sollertia
964 2722 1028 2784 pro
1061 2723 1115 2766 me
1147 2704 1238 2769 dono

182 2808 348 2865 renouata
381 2807 446 2878 est,
478 2802 609 2884 absque
640 2801 712 2865 ullo
744 2801 1025 2865 contradictionis
1057 2804 1238 2868 obstaculo

183 2901 321 2965 Christo
340 2908 480 2965 auctore
497 2903 666 2983 gubernet
685 2908 720 2964 et
739 2909 858 2982 regat3
883 2919 924 2963 ao
942 2908 1022 2983 post
1038 2903 1132 2965 uitae
1155 2923 1239 2967 suae

181 3002 364 3064 terminum
387 3021 506 3065 omnes
534 3008 704 3083 quotquot
726 3001 758 3064 ei
780 3001 824 3064 ad
850 3001 1034 3081 regendam
1061 3002 1239 3083 praefatae

182 3100 382 3165 aecclesiam
416 3101 506 3164 sedis
537 3101 692 3183 praescia
727 3099 856 3164 Christi
886 3100 1089 3182 prouidente
1124 3103 1240 3182 gratia

181 3201 420 3264 successerint.
489 3200 543 3264 Sit
573 3208 688 3265 autem
726 3199 883 3281 praefata
919 3200 1033 3282 portio
1069 3202 1113 3264 ab
1147 3204 1241 3267 omni

183 3299 376 3363 mundanae
408 3301 585 3364 seruitutis
619 3300 701 3381 iugo
735 3300 855 3376 libera,
885 3307 1034 3381 excepta
1065 3300 1238 3382 expediti·

183 3418 260 3474 one,
284 3399 399 3479 pontis
422 3400 555 3463 arcisue
579 3398 843 3463 restauratione.
888 3399 925 3463 Si
949 3399 1026 3480 quis
1048 3419 1132 3464 uero
1150 3421 1242 3464 mor-

183 3498 305 3560 talium
322 3496 423 3560 huius
441 3499 660 3580 chirographi
678 3499 937 3563 renouationem
953 3499 1107 3580 qualibet
1122 3520 1242 3564 occas-

114 3634 119 3642 ·
184 3597 261 3661 ione
296 3598 498 3660 temerarius
534 3597 721 3679 infringere
748 3598 1046 3681 praesumpserit,
1080 3602 1241 3664 omnibus

184 3695 311 3760 ueteris
335 3715 375 3759 ac
397 3697 480 3760 noni
503 3699 701 3762 testamenti
719 3698 1016 3763 maledictionibus
1039 3699 1183 3763 strictus
1205 3703 1241 3764 in

183 3796 248 3859 hac
267 3796 342 3858 uita
357 3806 567 3877 permaneat,
585 3806 619 3862 et
637 3805 715 3878 post
732 3805 876 3862 mortem
892 3798 1050 3862 omnibus
1067 3799 1242 3879 gehenna·

183 3896 267 3958 lium
283 3903 529 3960 tormentorum
548 3897 668 3979 poenis
686 3898 760 3961 siue
778 3898 845 3961 fine
862 3898 1039 3979 puniatur,
1054 3898 1120 3961 nisi
1137 3900 1240 3964 citius

183 3996 226 4059 ad
244 4015 431 4077 congruam
454 3998 724 4062 satisfactionem
747 3998 931 4062 conuolare
948 3997 1117 4061 maluerit.
1172 4000 1241 4063 His

184 4096 337 4160 terminis
363 4097 479 4160 eadem
504 4098 616 4179 portio
640 4105 795 4180 gyratur.
854 4101 892 4180 ›1‹
917 4095 1161 4161 Dis'sintdara
1180 4117 1238 4163 .vr.
