2858 4890
179 352 247 418 242
439 366 612 416 calama
634 365 976 417 lucnosrxorucnn.

181 547 223 592 ac
272 526 535 592 ministratione.
619 523 722 592 Anno
762 528 953 593 dominicae
990 525 1242 591 incarnationis

184 644 510 691 .ncccc.1.xxxv1u.
534 635 701 692 caraxata
723 636 777 694 est
810 629 881 693 ista
913 627 1060 707 cartula,
1091 627 1146 691 his
1174 633 1242 691 tes-

183 735 413 793 tamentorum
431 728 727 811 astipulatoribus,
745 749 891 812 quorum
912 730 1053 794 nomina
1066 729 1103 793 in
1123 728 1243 792 subse·

185 829 369 912 quentibus
385 829 610 912 praetitulata
625 829 763 912 paginis
779 837 897 912 aperte
914 830 1088 895 uidentur.

245 930 284 1011 ᾖ
303 929 380 1012 Ego
401 929 600 994 0suualdns
623 927 753 994 Christi
775 929 959 1013 largitione
986 927 1241 1014 archipontifex

184 1049 263 1095 cum
290 1036 464 1094 caractere
492 1038 634 1096 sanctae
661 1030 773 1095 crucis
795 1031 1030 1096 corroboraui.
1101 1029 1142 1111 ›1‹
1165 1029 1242 1110 Ego

186 1128 365 1195 AEbelstan
380 1131 523 1213 primus.
572 1131 854 1213 &EgoAElfsige
872 1132 1063 1215 presbyter.
1115 1132 1154 1213 ›1‹
1168 1129 1243 1211 Ego

187 1231 328 1313 Eadgar
349 1233 540 1315 presbyter.
613 1234 653 1314 ›1‹
673 1231 750 1314 Ego
767 1233 908 1298 Wistan
933 1233 1126 1315 presbyter.
1198 1233 1238 1313 ›1‹

186 1332 264 1414 Ego
278 1328 452 1414 AEbelsige
470 1332 658 1414 presbyter.
715 1334 753 1415 ›1‹
766 1333 843 1414 Ego
855 1329 1035 1398 AEtelstan
1049 1332 1243 1415 presbyter.

192 1435 232 1515 ›1‹
246 1431 324 1514 Ego
334 1431 494 1513 Godingo
508 1432 684 1496 diaconus.
742 1436 781 1514 ›1‹
791 1433 869 1514 Ego
881 1433 1047 1498 Leofstan
1064 1432 1243 1496 diaconus.

192 1534 231 1615 ›1‹
251 1531 327 1615 Ego
351 1531 547 1597 Wult'ward
578 1532 755 1597 diaconus.
837 1534 876 1615 ›1‹
898 1533 975 1616 Ego
991 1531 1144 1597 AEtelric
1171 1532 1248 1595 dia-

186 1650 304 1697 conus.
366 1634 405 1715 ›1‹
430 1632 506 1714 Ego
524 1631 710 1717 Cynobeng
724 1631 878 1716 clericus.
936 1636 975 1717 ›1‹
990 1633 1067 1717 Ego
1081 1631 1247 1714 Wulsgar

187 1733 344 1797 clericus.
410 1735 450 1815 ›1‹
476 1733 552 1814 Ego
569 1731 693 1815 Oswig
714 1733 915 1799 monachus.
988 1731 1245 1817 ›14Eg0Leof·

188 1834 276 1898 wine
299 1831 499 1898 monachus.
565 1835 604 1916 ›1‹
619 1833 696 1916 Ego
710 1832 861 1899 Wulsric
887 1834 1043 1900 clericus.
1109 1834 1150 1916 ›1‹
1166 1833 1245 1914 Ego

190 1931 330 1997 AElfnoii
353 1932 510 1998 clericus.
566 1935 605 2016 ›1‹
624 1934 702 2017 Ego
713 1933 878 2000 Wult'noh
894 1934 1050 2000 clericus.
1107 1935 1148 2017 ›1‹
1167 1933 1245 2016 Ego

188 2033 378 2099 Wulswine
393 2033 550 2099 clericus.

528 2244 532 2250 ·
603 2246 836 2312 ocnxvrr.

559 2368 780 2475 (isurun,
805 2395 883 2463 see.

245 2543 285 2623 ›1‹
310 2539 452 2603 Donum
487 2557 529 2602 ac
563 2537 789 2620 redemptoris
821 2538 931 2603 nostri
958 2541 1122 2605 uniuersa
1153 2544 1248 2610 orbis

191 2650 361 2706 terrarum
387 2657 495 2720 regna
519 2638 734 2721 gubernante
761 2637 955 2717 clementia,
977 2640 1181 2720 ‘Quosdam
1205 2645 1248 2710 de

190 2742 334 2826 puluere
361 2738 508 2804 suscitat
529 2757 669 2821 egenos,
694 2744 734 2802 ut
756 2739 899 2804 sedeant
920 2760 998 2805 oum
1019 2743 1247 2825 primatibus;

191 2843 279 2907 alios
305 2859 386 2904 uero
412 2839 455 2903 de
481 2846 632 2903 stercore
658 2838 818 2904 subleuat
840 2860 1021 2924 pauperes,
1043 2849 1083 2907 ut
1104 2851 1248 2912 teneant

192 2943 316 3008 solium
344 2939 475 3023 gloriae
497 2938 603 3004 eius!'
664 2938 799 3004 Idcirco
822 2960 888 3023 ego
906 2939 1103 3023 Oswaldus,
1131 2946 1249 3028 gratia

191 3043 247 3108 dei
271 3048 444 3107 annuente
469 3038 658 3124 episcopali
680 3039 885 3106 sublimatus
910 3041 947 3106 in
969 3042 1062 3121 sede,
1080 3065 1170 3128 quae
1194 3057 1248 3115 est

192 3137 228 3209 in
244 3140 491 3224 Wiogornensi
513 3139 734 3218 monasterio,
752 3140 844 3224 quod
862 3148 915 3206 est
932 3143 1037 3206 situm
1053 3144 1147 3212 intra
1162 3149 1248 3214 fines

194 3243 418 3317 Marciorum,
440 3259 503 3305 neo
526 3241 640 3304 minus
662 3239 977 3324 archipraesulatus
1002 3244 1149 3328 adeptus
1175 3251 1250 3315 cul-

193 3363 273 3409 men
304 3343 342 3405 in
376 3340 545 3417 Eboraca,
584 3338 951 3424 Norbanhymbrorum
991 3345 1147 3425 ciuitate,
1178 3351 1250 3415 lar·

195 3444 273 3527 gior
305 3439 442 3505 cuidam
474 3440 631 3504 ministro
665 3459 742 3504 meo
774 3443 913 3507 nomine
939 3440 1146 3528 AEtelward,
1178 3458 1249 3517 tres

193 3560 333 3608 mansas
356 3540 458 3617 ruris,
475 3541 533 3603 ubi
555 3540 682 3605 dicitur
703 3548 750 3606 aet
766 3541 945 3622 Clifforda,
960 3545 1035 3609 nita
1056 3547 1161 3612 trium
1187 3551 1249 3619 ho·

194 3645 336 3719 minum,
355 3660 433 3706 cum
458 3641 579 3723 pratis,
603 3642 742 3724 pascuis
766 3649 801 3707 et
829 3644 949 3726 aquis3
981 3645 1149 3729 finitoque
1171 3652 1251 3718 illo-

195 3764 272 3811 rum
295 3743 390 3807 uitae
411 3741 593 3820 curriculo,
612 3742 656 3805 ad
680 3761 781 3805 nsum
806 3744 963 3826 primatis
988 3745 1026 3810 in
1043 3748 1252 3832 Wiogema-

196 3851 329 3912 ceastre
355 3842 475 3905 redeat
500 3842 650 3906 immune
681 3843 881 3910 aecclesiae.
936 3844 991 3909 Sit
1015 3855 1132 3914 autem
1158 3860 1252 3922 terro

196 3946 257 4010 illa
278 3943 387 4008 libera
410 3941 569 4006 ab'omni
600 3942 767 4007 mundiali
794 3944 946 4028 negotio,
973 3954 1110 4029 praeter
1133 3956 1252 4035 pontis

196 4045 330 4110 arcisue
352 4044 650 4121 restaurationem,
667 4051 703 4109 et
716 4042 940 4110 communem
952 4047 1109 4129 publicae
1124 4053 1176 4118 rei
1193 4075 1252 4120 ex-

196 4144 416 4230 peditionem.
461 4142 499 4207 Si
516 4145 594 4226 quis
614 4162 698 4209 uero
721 4144 800 4210 huic
822 4153 964 4212 nostrae
985 4147 1166 4218 donationi
1188 4156 1252 4220 ali·
