<?xml version="1.0" encoding="UTF-8"?>
<!DOCTYPE html PUBLIC "-//W3C//DTD XHTML 1.0 Transitional//EN"
    "http://www.w3.org/TR/xhtml1/DTD/xhtml1-transitional.dtd">
<html xmlns="http://www.w3.org/1999/xhtml" xml:lang="en" lang="en">
 <head>
  <title>
</title>
<meta http-equiv="Content-Type" content="text/html;charset=utf-8" />
  <meta name='ocr-system' content='tesseract 3.04.00' />
  <meta name='ocr-capabilities' content='ocr_page ocr_carea ocr_par ocr_line ocrx_word'/>
</head>
<body>
  <div class='ocr_page' id='page_1' title='image "./codexdiplomatic00kembgoog_0100.png"; bbox 0 0 2858 4890; ppageno 0'>
   <div class='ocr_carea' id='block_1_1' title="bbox 439 372 1234 434">
    <p class='ocr_par' dir='ltr' id='par_1_1' title="bbox 439 372 1234 434">
     <span class='ocr_line' id='line_1_1' title="bbox 439 372 1234 434; baseline 0.003 -2"><span class='ocrx_word' id='word_1_1' title='bbox 439 383 613 432; x_wconf 70' lang='lat' dir='ltr'><strong>uunnrnn</strong></span> <span class='ocrx_word' id='word_1_2' title='bbox 640 384 982 433; x_wconf 69' lang='lat' dir='ltr'><strong>suenosnxomcrn.</strong></span> <span class='ocrx_word' id='word_1_3' title='bbox 1193 372 1234 434; x_wconf 79' lang='lat'><strong>41</strong></span> 
     </span>
    </p>
   </div>
   <div class='ocr_carea' id='block_1_2' title="bbox 172 539 1245 4235">
    <p class='ocr_par' dir='ltr' id='par_1_2' title="bbox 172 539 1245 4235">
     <span class='ocr_line' id='line_1_2' title="bbox 182 539 1235 624; baseline -0.001 -20"><span class='ocrx_word' id='word_1_4' title='bbox 182 542 410 624; x_wconf 88' lang='lat' dir='ltr'><strong>apostolicam</strong></span> <span class='ocrx_word' id='word_1_5' title='bbox 434 541 550 605; x_wconf 91' lang='lat' dir='ltr'><strong>sedem</strong></span> <span class='ocrx_word' id='word_1_6' title='bbox 574 541 722 624; x_wconf 81' lang='lat' dir='ltr'><strong>legenda</strong></span> <span class='ocrx_word' id='word_1_7' title='bbox 741 550 777 606; x_wconf 89' lang='lat' dir='ltr'><strong>et</strong></span> <span class='ocrx_word' id='word_1_8' title='bbox 798 539 1032 605; x_wconf 84' lang='lat' dir='ltr'><strong>confirmanda</strong></span> <span class='ocrx_word' id='word_1_9' title='bbox 1048 540 1235 616; x_wconf 86' lang='lat' dir='ltr'><strong>transmisi,</strong></span> 
     </span>
     <span class='ocr_line' id='line_1_3' title="bbox 182 641 1237 724; baseline 0 -20"><span class='ocrx_word' id='word_1_10' title='bbox 182 649 288 723; x_wconf 87' lang='lat' dir='ltr'><strong>atque</strong></span> <span class='ocrx_word' id='word_1_11' title='bbox 300 643 459 724; x_wconf 88' lang='lat' dir='ltr'><strong>legitima</strong></span> <span class='ocrx_word' id='word_1_12' title='bbox 474 643 696 706; x_wconf 83' lang='lat' dir='ltr'><strong>concessione</strong></span> <span class='ocrx_word' id='word_1_13' title='bbox 712 643 749 706; x_wconf 94' lang='lat' dir='ltr'><strong>in</strong></span> <span class='ocrx_word' id='word_1_14' title='bbox 774 641 867 705; x_wconf 87' lang='lat' dir='ltr'><strong>hunc</strong></span> <span class='ocrx_word' id='word_1_15' title='bbox 886 641 1025 705; x_wconf 90' lang='lat' dir='ltr'><strong>modum</strong></span> <span class='ocrx_word' id='word_1_16' title='bbox 1047 642 1237 724; x_wconf 84' lang='lat' dir='ltr'>astipulata</span> 
     </span>
     <span class='ocr_line' id='line_1_4' title="bbox 182 742 1236 826; baseline -0.001 -21"><span class='ocrx_word' id='word_1_17' title='bbox 182 743 313 826; x_wconf 89' lang='lat' dir='ltr'><strong>accepi.</strong></span> <span class='ocrx_word' id='word_1_18' title='bbox 365 742 540 807; x_wconf 87' lang='lat' dir='ltr'><strong>Iohannes</strong></span> <span class='ocrx_word' id='word_1_19' title='bbox 561 742 745 825; x_wconf 90' lang='lat' dir='ltr'><strong>episcopus</strong></span> <span class='ocrx_word' id='word_1_20' title='bbox 760 743 856 807; x_wconf 91' lang='lat' dir='ltr'><strong>urbis</strong></span> <span class='ocrx_word' id='word_1_21' title='bbox 872 743 1006 807; x_wconf 87' lang='lat' dir='ltr'><strong>Romae</strong></span> <span class='ocrx_word' id='word_1_22' title='bbox 1028 761 1150 806; x_wconf 90' lang='lat' dir='ltr'><strong>seruus</strong></span> <span class='ocrx_word' id='word_1_23' title='bbox 1163 761 1236 805; x_wconf 92' lang='lat' dir='ltr'><strong>ser·</strong></span> 
     </span>
     <span class='ocr_line' id='line_1_5' title="bbox 180 842 1237 924; baseline 0.001 -19"><span class='ocrx_word' id='word_1_24' title='bbox 180 861 303 906; x_wconf 89' lang='lat' dir='ltr'><strong>uorum</strong></span> <span class='ocrx_word' id='word_1_25' title='bbox 325 842 393 920; x_wconf 92' lang='lat' dir='ltr'><strong>dei,</strong></span> <span class='ocrx_word' id='word_1_26' title='bbox 416 843 556 907; x_wconf 92' lang='lat' dir='ltr'><strong>domino</strong></span> <span class='ocrx_word' id='word_1_27' title='bbox 578 843 869 907; x_wconf 84' lang='lat' dir='ltr'><strong>excellentissimo</strong></span> <span class='ocrx_word' id='word_1_28' title='bbox 892 842 1055 924; x_wconf 90' lang='lat' dir='ltr'><strong>Eadgaro</strong></span> <span class='ocrx_word' id='word_1_29' title='bbox 1076 843 1147 906; x_wconf 86' lang='lat' dir='ltr'><strong>tilio</strong></span> <span class='ocrx_word' id='word_1_30' title='bbox 1172 862 1237 906; x_wconf 92' lang='lat' dir='ltr'><strong>suo</strong></span> 
     </span>
     <span class='ocr_line' id='line_1_6' title="bbox 182 941 1235 1025; baseline 0 -18"><span class='ocrx_word' id='word_1_31' title='bbox 182 943 258 1024; x_wconf 88' lang='lat' dir='ltr'><strong>regi</strong></span> <span class='ocrx_word' id='word_1_32' title='bbox 272 941 469 1025; x_wconf 85' lang='lat' dir='ltr'><strong>Anglorum</strong></span> <span class='ocrx_word' id='word_1_33' title='bbox 484 943 631 1007; x_wconf 87' lang='lat' dir='ltr'><strong>salutem</strong></span> <span class='ocrx_word' id='word_1_34' title='bbox 649 951 685 1007; x_wconf 93' lang='lat' dir='ltr'><strong>et</strong></span> <span class='ocrx_word' id='word_1_35' title='bbox 701 943 928 1025; x_wconf 90' lang='lat' dir='ltr'><strong>apostolicam</strong></span> <span class='ocrx_word' id='word_1_36' title='bbox 950 943 1235 1007; x_wconf 84' lang='lat' dir='ltr'><strong>benedictionem.</strong></span> 
     </span>
     <span class='ocr_line' id='line_1_7' title="bbox 183 1040 1236 1121; baseline 0 -15"><span class='ocrx_word' id='word_1_37' title='bbox 183 1040 278 1121; x_wconf 81' lang='lat' dir='ltr'><strong>Quia</strong></span> <span class='ocrx_word' id='word_1_38' title='bbox 292 1043 402 1108; x_wconf 87' lang='lat' dir='ltr'><strong>literis</strong></span> <span class='ocrx_word' id='word_1_39' title='bbox 417 1050 499 1108; x_wconf 89' lang='lat' dir='ltr'><strong>tuae</strong></span> <span class='ocrx_word' id='word_1_40' title='bbox 516 1043 742 1120; x_wconf 89' lang='lat' dir='ltr'><strong>celsitudinis,</strong></span> <span class='ocrx_word' id='word_1_41' title='bbox 753 1043 801 1106; x_wconf 92' lang='lat' dir='ltr'><strong>fili</strong></span> <span class='ocrx_word' id='word_1_42' title='bbox 815 1042 1007 1120; x_wconf 85' lang='lat' dir='ltr'><strong>karissime,</strong></span> <span class='ocrx_word' id='word_1_43' title='bbox 1023 1044 1122 1107; x_wconf 93' lang='lat' dir='ltr'><strong>nobis</strong></span> <span class='ocrx_word' id='word_1_44' title='bbox 1136 1045 1236 1107; x_wconf 91' lang='lat' dir='ltr'><strong>inno-</strong></span> 
     </span>
     <span class='ocr_line' id='line_1_8' title="bbox 183 1141 1237 1226; baseline -0.001 -19"><span class='ocrx_word' id='word_1_45' title='bbox 183 1141 283 1208; x_wconf 88' lang='lat' dir='ltr'><strong>tuisti</strong></span> <span class='ocrx_word' id='word_1_46' title='bbox 303 1144 346 1208; x_wconf 92' lang='lat' dir='ltr'><strong>de</strong></span> <span class='ocrx_word' id='word_1_47' title='bbox 365 1144 575 1208; x_wconf 88' lang='lat' dir='ltr'><strong>monasterio</strong></span> <span class='ocrx_word' id='word_1_48' title='bbox 597 1144 710 1207; x_wconf 90' lang='lat' dir='ltr'><strong>sancti</strong></span> <span class='ocrx_word' id='word_1_49' title='bbox 726 1142 823 1207; x_wconf 89' lang='lat' dir='ltr'><strong>Petri</strong></span> <span class='ocrx_word' id='word_1_50' title='bbox 841 1143 1001 1226; x_wconf 88' lang='lat' dir='ltr'><strong>specialis</strong></span> <span class='ocrx_word' id='word_1_51' title='bbox 1019 1145 1156 1226; x_wconf 88' lang='lat' dir='ltr'><strong>patroni</strong></span> <span class='ocrx_word' id='word_1_52' title='bbox 1174 1145 1237 1222; x_wconf 87' lang='lat' dir='ltr'><strong>tui,</strong></span> 
     </span>
     <span class='ocr_line' id='line_1_9' title="bbox 184 1241 1236 1327; baseline 0.001 -21"><span class='ocrx_word' id='word_1_53' title='bbox 184 1243 278 1327; x_wconf 90' lang='lat' dir='ltr'><strong>quod</strong></span> <span class='ocrx_word' id='word_1_54' title='bbox 304 1245 347 1307; x_wconf 88' lang='lat' dir='ltr'><strong>ab</strong></span> <span class='ocrx_word' id='word_1_55' title='bbox 374 1243 527 1327; x_wconf 86' lang='lat' dir='ltr'><strong>antiquis</strong></span> <span class='ocrx_word' id='word_1_56' title='bbox 552 1241 705 1326; x_wconf 85' lang='lat' dir='ltr'><strong>Angliae</strong></span> <span class='ocrx_word' id='word_1_57' title='bbox 727 1243 867 1325; x_wconf 89' lang='lat' dir='ltr'><strong>regibus</strong></span> <span class='ocrx_word' id='word_1_58' title='bbox 894 1263 916 1307; x_wconf 91' lang='lat' dir='ltr'><strong>a</strong></span> <span class='ocrx_word' id='word_1_59' title='bbox 942 1251 1115 1326; x_wconf 84' lang='lat' dir='ltr'><strong>potestate</strong></span> <span class='ocrx_word' id='word_1_60' title='bbox 1143 1244 1236 1307; x_wconf 91' lang='lat' dir='ltr'><strong>Lon-</strong></span> 
     </span>
     <span class='ocr_line' id='line_1_10' title="bbox 183 1343 1236 1428; baseline 0 -21"><span class='ocrx_word' id='word_1_61' title='bbox 183 1343 359 1408; x_wconf 89' lang='lat' dir='ltr'><strong>doniensis</strong></span> <span class='ocrx_word' id='word_1_62' title='bbox 376 1344 468 1408; x_wconf 89' lang='lat' dir='ltr'><strong>sedis</strong></span> <span class='ocrx_word' id='word_1_63' title='bbox 491 1345 644 1428; x_wconf 89' lang='lat' dir='ltr'><strong>episcopi</strong></span> <span class='ocrx_word' id='word_1_64' title='bbox 663 1365 741 1407; x_wconf 88' lang='lat' dir='ltr'><strong>cum</strong></span> <span class='ocrx_word' id='word_1_65' title='bbox 762 1344 906 1408; x_wconf 90' lang='lat' dir='ltr'><strong>consilio</strong></span> <span class='ocrx_word' id='word_1_66' title='bbox 928 1343 1129 1427; x_wconf 85' lang='lat' dir='ltr'><strong>pontificum</strong></span> <span class='ocrx_word' id='word_1_67' title='bbox 1145 1345 1236 1408; x_wconf 92' lang='lat' dir='ltr'><strong>eius·</strong></span> 
     </span>
     <span class='ocr_line' id='line_1_11' title="bbox 184 1443 1238 1527; baseline 0.001 -21"><span class='ocrx_word' id='word_1_68' title='bbox 184 1443 262 1507; x_wconf 93' lang='lat' dir='ltr'><strong>dem</strong></span> <span class='ocrx_word' id='word_1_69' title='bbox 285 1444 421 1527; x_wconf 86' lang='lat' dir='ltr'><strong>patriae</strong></span> <span class='ocrx_word' id='word_1_70' title='bbox 442 1443 546 1508; x_wconf 86' lang='lat' dir='ltr'><strong>fuerit</strong></span> <span class='ocrx_word' id='word_1_71' title='bbox 569 1451 737 1527; x_wconf 89' lang='lat' dir='ltr'><strong>ereptum,</strong></span> <span class='ocrx_word' id='word_1_72' title='bbox 754 1451 789 1508; x_wconf 94' lang='lat' dir='ltr'><strong>et</strong></span> <span class='ocrx_word' id='word_1_73' title='bbox 814 1445 959 1508; x_wconf 91' lang='lat' dir='ltr'><strong>abhinc</strong></span> <span class='ocrx_word' id='word_1_74' title='bbox 983 1446 1048 1507; x_wconf 88' lang='lat' dir='ltr'><strong>sub</strong></span> <span class='ocrx_word' id='word_1_75' title='bbox 1071 1446 1238 1525; x_wconf 91' lang='lat' dir='ltr'><strong>regimine</strong></span> 
     </span>
     <span class='ocr_line' id='line_1_12' title="bbox 184 1544 1237 1628; baseline 0.001 -21"><span class='ocrx_word' id='word_1_76' title='bbox 184 1564 306 1626; x_wconf 86' lang='lat' dir='ltr'><strong>regum</strong></span> <span class='ocrx_word' id='word_1_77' title='bbox 323 1545 380 1608; x_wconf 90' lang='lat' dir='ltr'><strong>nel</strong></span> <span class='ocrx_word' id='word_1_78' title='bbox 396 1544 663 1609; x_wconf 85' lang='lat' dir='ltr'><strong>clarissimorum</strong></span> <span class='ocrx_word' id='word_1_79' title='bbox 684 1546 847 1610; x_wconf 90' lang='lat' dir='ltr'><strong>abbatum</strong></span> <span class='ocrx_word' id='word_1_80' title='bbox 864 1564 1000 1628; x_wconf 82' lang='lat' dir='ltr'><strong>semper</strong></span> <span class='ocrx_word' id='word_1_81' title='bbox 1019 1545 1237 1627; x_wconf 89' lang='lat' dir='ltr'><strong>dispositum,</strong></span> 
     </span>
     <span class='ocr_line' id='line_1_13' title="bbox 185 1645 1238 1728; baseline 0 -19"><span class='ocrx_word' id='word_1_82' title='bbox 185 1653 221 1709; x_wconf 91' lang='lat' dir='ltr'><strong>et</strong></span> <span class='ocrx_word' id='word_1_83' title='bbox 246 1645 433 1727; x_wconf 89' lang='lat' dir='ltr'><strong>postulasti</strong></span> <span class='ocrx_word' id='word_1_84' title='bbox 455 1664 476 1708; x_wconf 90' lang='lat' dir='ltr'><strong>a</strong></span> <span class='ocrx_word' id='word_1_85' title='bbox 499 1646 598 1709; x_wconf 91' lang='lat' dir='ltr'><strong>nobis</strong></span> <span class='ocrx_word' id='word_1_86' title='bbox 623 1653 664 1709; x_wconf 93' lang='lat' dir='ltr'><strong>ut</strong></span> <span class='ocrx_word' id='word_1_87' title='bbox 685 1646 904 1728; x_wconf 89' lang='lat' dir='ltr'><strong>priuilegium</strong></span> <span class='ocrx_word' id='word_1_88' title='bbox 930 1646 1168 1728; x_wconf 89' lang='lat' dir='ltr'><strong>episcoporum</strong></span> <span class='ocrx_word' id='word_1_89' title='bbox 1196 1647 1238 1709; x_wconf 90' lang='lat' dir='ltr'><strong>de</strong></span> 
     </span>
     <span class='ocr_line' id='line_1_14' title="bbox 185 1744 1238 1828; baseline 0.001 -20"><span class='ocrx_word' id='word_1_90' title='bbox 185 1744 305 1809; x_wconf 89' lang='lat' dir='ltr'><strong>eodem</strong></span> <span class='ocrx_word' id='word_1_91' title='bbox 339 1746 548 1810; x_wconf 90' lang='lat' dir='ltr'><strong>monasterio</strong></span> <span class='ocrx_word' id='word_1_92' title='bbox 585 1746 716 1809; x_wconf 87' lang='lat' dir='ltr'><strong>factum</strong></span> <span class='ocrx_word' id='word_1_93' title='bbox 752 1752 870 1809; x_wconf 91' lang='lat' dir='ltr'><strong>nostro</strong></span> <span class='ocrx_word' id='word_1_94' title='bbox 902 1746 1098 1828; x_wconf 85' lang='lat' dir='ltr'><strong>priuilegio,</strong></span> <span class='ocrx_word' id='word_1_95' title='bbox 1134 1747 1238 1809; x_wconf 91' lang='lat' dir='ltr'><strong>immo</strong></span> 
     </span>
     <span class='ocr_line' id='line_1_15' title="bbox 185 1846 1239 1930; baseline 0.001 -22"><span class='ocrx_word' id='word_1_96' title='bbox 185 1846 298 1927; x_wconf 86' lang='lat' dir='ltr'><strong>magis</strong></span> <span class='ocrx_word' id='word_1_97' title='bbox 320 1847 555 1929; x_wconf 88' lang='lat' dir='ltr'><strong>apostolorum</strong></span> <span class='ocrx_word' id='word_1_98' title='bbox 574 1847 740 1930; x_wconf 88' lang='lat' dir='ltr'><strong>principis</strong></span> <span class='ocrx_word' id='word_1_99' title='bbox 758 1846 999 1910; x_wconf 85' lang='lat' dir='ltr'><strong>roboraremus</strong></span> <span class='ocrx_word' id='word_1_100' title='bbox 1019 1847 1239 1924; x_wconf 87' lang='lat' dir='ltr'><strong>auctoritate,</strong></span> 
     </span>
     <span class='ocr_line' id='line_1_16' title="bbox 184 1945 1238 2028; baseline 0.001 -20"><span class='ocrx_word' id='word_1_101' title='bbox 184 1945 410 2010; x_wconf 88' lang='lat' dir='ltr'><strong>libentissime</strong></span> <span class='ocrx_word' id='word_1_102' title='bbox 432 1946 620 2011; x_wconf 90' lang='lat' dir='ltr'><strong>secundum</strong></span> <span class='ocrx_word' id='word_1_103' title='bbox 643 1954 725 2010; x_wconf 90' lang='lat' dir='ltr'><strong>tuae</strong></span> <span class='ocrx_word' id='word_1_104' title='bbox 752 1945 1013 2010; x_wconf 87' lang='lat' dir='ltr'><strong>beneuolentiae</strong></span> <span class='ocrx_word' id='word_1_105' title='bbox 1039 1946 1238 2028; x_wconf 86' lang='lat' dir='ltr'><strong>petitionem</strong></span> 
     </span>
     <span class='ocr_line' id='line_1_17' title="bbox 185 2044 1238 2129; baseline 0.003 -21"><span class='ocrx_word' id='word_1_106' title='bbox 185 2044 343 2110; x_wconf 87' lang='lat' dir='ltr'><strong>iacimus.</strong></span> <span class='ocrx_word' id='word_1_107' title='bbox 404 2044 625 2111; x_wconf 85' lang='lat' dir='ltr'><strong>Auctoritate</strong></span> <span class='ocrx_word' id='word_1_108' title='bbox 651 2046 821 2129; x_wconf 92' lang='lat' dir='ltr'><strong>siquidem</strong></span> <span class='ocrx_word' id='word_1_109' title='bbox 852 2046 945 2110; x_wconf 89' lang='lat' dir='ltr'><strong>beati</strong></span> <span class='ocrx_word' id='word_1_110' title='bbox 972 2045 1069 2109; x_wconf 89' lang='lat' dir='ltr'><strong>Petri</strong></span> <span class='ocrx_word' id='word_1_111' title='bbox 1097 2054 1238 2129; x_wconf 90' lang='lat' dir='ltr'><strong>aposto·</strong></span> 
     </span>
     <span class='ocr_line' id='line_1_18' title="bbox 186 2145 1238 2229; baseline 0.001 -20"><span class='ocrx_word' id='word_1_112' title='bbox 186 2145 298 2210; x_wconf 85' lang='lat' dir='ltr'><strong>lorum</strong></span> <span class='ocrx_word' id='word_1_113' title='bbox 315 2146 493 2229; x_wconf 90' lang='lat' dir='ltr'><strong>principis,</strong></span> <span class='ocrx_word' id='word_1_114' title='bbox 509 2148 569 2229; x_wconf 90' lang='lat' dir='ltr'><strong>qui</strong></span> <span class='ocrx_word' id='word_1_115' title='bbox 584 2155 792 2229; x_wconf 85' lang='lat' dir='ltr'><strong>potestatem</strong></span> <span class='ocrx_word' id='word_1_116' title='bbox 810 2146 940 2226; x_wconf 88' lang='lat' dir='ltr'><strong>ligandi</strong></span> <span class='ocrx_word' id='word_1_117' title='bbox 959 2154 1064 2228; x_wconf 90' lang='lat' dir='ltr'><strong>atque</strong></span> <span class='ocrx_word' id='word_1_118' title='bbox 1083 2148 1238 2210; x_wconf 89' lang='lat' dir='ltr'><strong>soluendi</strong></span> 
     </span>
     <span class='ocr_line' id='line_1_19' title="bbox 187 2246 1239 2329; baseline 0.001 -19"><span class='ocrx_word' id='word_1_119' title='bbox 187 2265 209 2310; x_wconf 89' lang='lat' dir='ltr'><strong>a</strong></span> <span class='ocrx_word' id='word_1_120' title='bbox 223 2246 362 2311; x_wconf 92' lang='lat' dir='ltr'><strong>domino</strong></span> <span class='ocrx_word' id='word_1_121' title='bbox 384 2247 530 2329; x_wconf 90' lang='lat' dir='ltr'><strong>accepit,</strong></span> <span class='ocrx_word' id='word_1_122' title='bbox 547 2248 713 2329; x_wconf 90' lang='lat' dir='ltr'><strong>cuiusque</strong></span> <span class='ocrx_word' id='word_1_123' title='bbox 731 2265 794 2310; x_wconf 92' lang='lat' dir='ltr'><strong>nos</strong></span> <span class='ocrx_word' id='word_1_124' title='bbox 815 2247 937 2309; x_wconf 88' lang='lat' dir='ltr'><strong>uicarii</strong></span> <span class='ocrx_word' id='word_1_125' title='bbox 957 2246 1150 2323; x_wconf 86' lang='lat' dir='ltr'><strong>existimus,</strong></span> <span class='ocrx_word' id='word_1_126' title='bbox 1167 2258 1239 2311; x_wconf 90' lang='lat' dir='ltr'><strong>sta-</strong></span> 
     </span>
     <span class='ocr_line' id='line_1_20' title="bbox 187 2346 1240 2429; baseline 0.001 -20"><span class='ocrx_word' id='word_1_127' title='bbox 187 2346 325 2409; x_wconf 91' lang='lat' dir='ltr'><strong>bilimus</strong></span> <span class='ocrx_word' id='word_1_128' title='bbox 345 2354 386 2410; x_wconf 93' lang='lat' dir='ltr'><strong>ut</strong></span> <span class='ocrx_word' id='word_1_129' title='bbox 403 2346 478 2429; x_wconf 90' lang='lat' dir='ltr'><strong>ipse</strong></span> <span class='ocrx_word' id='word_1_130' title='bbox 502 2346 599 2410; x_wconf 89' lang='lat' dir='ltr'><strong>locus</strong></span> <span class='ocrx_word' id='word_1_131' title='bbox 623 2367 742 2428; x_wconf 88' lang='lat' dir='ltr'><strong>regum</strong></span> <span class='ocrx_word' id='word_1_132' title='bbox 770 2346 965 2429; x_wconf 87' lang='lat' dir='ltr'><strong>praeceptis</strong></span> <span class='ocrx_word' id='word_1_133' title='bbox 986 2355 1022 2410; x_wconf 92' lang='lat' dir='ltr'><strong>et</strong></span> <span class='ocrx_word' id='word_1_134' title='bbox 1048 2348 1240 2429; x_wconf 90' lang='lat' dir='ltr'><strong>priuilegiis</strong></span> 
     </span>
     <span class='ocr_line' id='line_1_21' title="bbox 188 2445 1240 2530; baseline 0.002 -20"><span class='ocrx_word' id='word_1_135' title='bbox 188 2445 389 2530; x_wconf 87' lang='lat' dir='ltr'><strong>apostolicis</strong></span> <span class='ocrx_word' id='word_1_136' title='bbox 402 2447 522 2524; x_wconf 77' lang='lat' dir='ltr'><strong>fultuS,</strong></span> <span class='ocrx_word' id='word_1_137' title='bbox 545 2467 607 2530; x_wconf 91' lang='lat' dir='ltr'><strong>per</strong></span> <span class='ocrx_word' id='word_1_138' title='bbox 627 2448 743 2511; x_wconf 87' lang='lat' dir='ltr'><strong>omnia</strong></span> <span class='ocrx_word' id='word_1_139' title='bbox 762 2455 919 2529; x_wconf 89' lang='lat' dir='ltr'><strong>tempora</strong></span> <span class='ocrx_word' id='word_1_140' title='bbox 937 2447 1011 2510; x_wconf 90' lang='lat' dir='ltr'><strong>sine</strong></span> <span class='ocrx_word' id='word_1_141' title='bbox 1035 2448 1240 2529; x_wconf 89' lang='lat' dir='ltr'><strong>repetitione</strong></span> 
     </span>
     <span class='ocr_line' id='line_1_22' title="bbox 189 2546 1240 2630; baseline 0.002 -20"><span class='ocrx_word' id='word_1_142' title='bbox 189 2547 425 2629; x_wconf 88' lang='lat' dir='ltr'><strong>cuiuscunque</strong></span> <span class='ocrx_word' id='word_1_143' title='bbox 452 2546 673 2611; x_wconf 88' lang='lat' dir='ltr'><strong>Londonicae</strong></span> <span class='ocrx_word' id='word_1_144' title='bbox 695 2548 789 2610; x_wconf 90' lang='lat' dir='ltr'><strong>urbis</strong></span> <span class='ocrx_word' id='word_1_145' title='bbox 812 2548 976 2630; x_wconf 91' lang='lat' dir='ltr'><strong>episcopi,</strong></span> <span class='ocrx_word' id='word_1_146' title='bbox 1004 2555 1066 2610; x_wconf 90' lang='lat' dir='ltr'><strong>aut</strong></span> <span class='ocrx_word' id='word_1_147' title='bbox 1094 2547 1240 2612; x_wconf 89' lang='lat' dir='ltr'><strong>alicuius</strong></span> 
     </span>
     <span class='ocr_line' id='line_1_23' title="bbox 189 2647 1241 2730; baseline 0.002 -20"><span class='ocrx_word' id='word_1_148' title='bbox 189 2647 389 2711; x_wconf 87' lang='lat' dir='ltr'><strong>iudiciariae</strong></span> <span class='ocrx_word' id='word_1_149' title='bbox 419 2649 616 2730; x_wconf 69' lang='lat' dir='ltr'><strong>potestatis</strong></span> <span class='ocrx_word' id='word_1_150' title='bbox 646 2648 704 2711; x_wconf 87' lang='lat' dir='ltr'><strong>uel</strong></span> <span class='ocrx_word' id='word_1_151' title='bbox 734 2648 969 2730; x_wconf 90' lang='lat' dir='ltr'><strong>cuiuscunque</strong></span> <span class='ocrx_word' id='word_1_152' title='bbox 1004 2651 1241 2729; x_wconf 81' lang='lat' dir='ltr'><strong>praepotentis</strong></span> 
     </span>
     <span class='ocr_line' id='line_1_24' title="bbox 189 2746 1242 2831; baseline 0.002 -21"><span class='ocrx_word' id='word_1_153' title='bbox 189 2746 337 2811; x_wconf 91' lang='lat' dir='ltr'><strong>hominis</strong></span> <span class='ocrx_word' id='word_1_154' title='bbox 348 2747 583 2831; x_wconf 90' lang='lat' dir='ltr'><strong>cuiuscunque</strong></span> <span class='ocrx_word' id='word_1_155' title='bbox 605 2746 735 2811; x_wconf 88' lang='lat' dir='ltr'><strong>ordinis</strong></span> <span class='ocrx_word' id='word_1_156' title='bbox 756 2748 813 2811; x_wconf 91' lang='lat' dir='ltr'><strong>uel</strong></span> <span class='ocrx_word' id='word_1_157' title='bbox 835 2748 1016 2829; x_wconf 90' lang='lat' dir='ltr'><strong>dignitatis</strong></span> <span class='ocrx_word' id='word_1_158' title='bbox 1032 2748 1089 2824; x_wconf 93' lang='lat' dir='ltr'><strong>sit,</strong></span> <span class='ocrx_word' id='word_1_159' title='bbox 1106 2766 1242 2830; x_wconf 85' lang='lat' dir='ltr'><strong>semper</strong></span> 
     </span>
     <span class='ocr_line' id='line_1_25' title="bbox 188 2847 1240 2931; baseline 0.001 -21"><span class='ocrx_word' id='word_1_160' title='bbox 188 2847 280 2912; x_wconf 87' lang='lat' dir='ltr'><strong>sicut</strong></span> <span class='ocrx_word' id='word_1_161' title='bbox 298 2855 482 2931; x_wconf 87' lang='lat' dir='ltr'><strong>praeoptat</strong></span> <span class='ocrx_word' id='word_1_162' title='bbox 504 2856 539 2912; x_wconf 88' lang='lat' dir='ltr'><strong>et</strong></span> <span class='ocrx_word' id='word_1_163' title='bbox 562 2850 695 2930; x_wconf 89' lang='lat' dir='ltr'><strong>expetit</strong></span> <span class='ocrx_word' id='word_1_164' title='bbox 720 2856 781 2911; x_wconf 88' lang='lat' dir='ltr'><strong>tua</strong></span> <span class='ocrx_word' id='word_1_165' title='bbox 805 2848 1045 2912; x_wconf 84' lang='lat' dir='ltr'><strong>beniuolencia</strong></span> <span class='ocrx_word' id='word_1_166' title='bbox 1071 2855 1168 2912; x_wconf 89' lang='lat' dir='ltr'><strong>ratus</strong></span> <span class='ocrx_word' id='word_1_167' title='bbox 1186 2847 1240 2911; x_wconf 93' lang='lat' dir='ltr'><strong>fu-</strong></span> 
     </span>
     <span class='ocr_line' id='line_1_26' title="bbox 190 2948 1240 3031; baseline -0.002 -18"><span class='ocrx_word' id='word_1_168' title='bbox 190 2956 268 3013; x_wconf 89' lang='lat' dir='ltr'><strong>turo</strong></span> <span class='ocrx_word' id='word_1_169' title='bbox 284 2955 438 3031; x_wconf 90' lang='lat' dir='ltr'><strong>tempore</strong></span> <span class='ocrx_word' id='word_1_170' title='bbox 457 2956 669 3031; x_wconf 88' lang='lat' dir='ltr'><strong>permaneat.</strong></span> <span class='ocrx_word' id='word_1_171' title='bbox 722 2948 947 3013; x_wconf 90' lang='lat' dir='ltr'><strong>Uenerabiles</strong></span> <span class='ocrx_word' id='word_1_172' title='bbox 968 2949 1075 3027; x_wconf 90' lang='lat' dir='ltr'><strong>igitur</strong></span> <span class='ocrx_word' id='word_1_173' title='bbox 1088 2948 1240 3011; x_wconf 91' lang='lat' dir='ltr'><strong>eiusdem</strong></span> 
     </span>
     <span class='ocr_line' id='line_1_27' title="bbox 188 3047 1241 3134; baseline 0.002 -23"><span class='ocrx_word' id='word_1_174' title='bbox 188 3048 256 3113; x_wconf 92' lang='lat' dir='ltr'><strong>loci</strong></span> <span class='ocrx_word' id='word_1_175' title='bbox 270 3048 396 3112; x_wconf 88' lang='lat' dir='ltr'><strong>fratres</strong></span> <span class='ocrx_word' id='word_1_176' title='bbox 413 3049 565 3134; x_wconf 87' lang='lat' dir='ltr'><strong>ydoneos</strong></span> <span class='ocrx_word' id='word_1_177' title='bbox 581 3070 625 3112; x_wconf 88' lang='lat' dir='ltr'><strong>ex</strong></span> <span class='ocrx_word' id='word_1_178' title='bbox 643 3068 692 3125; x_wconf 92' lang='lat' dir='ltr'><strong>se,</strong></span> <span class='ocrx_word' id='word_1_179' title='bbox 708 3048 764 3112; x_wconf 93' lang='lat' dir='ltr'><strong>uel</strong></span> <span class='ocrx_word' id='word_1_180' title='bbox 781 3068 825 3111; x_wconf 89' lang='lat' dir='ltr'><strong>ex</strong></span> <span class='ocrx_word' id='word_1_181' title='bbox 842 3068 1047 3130; x_wconf 89' lang='lat' dir='ltr'><strong>quacunque</strong></span> <span class='ocrx_word' id='word_1_182' title='bbox 1066 3047 1241 3113; x_wconf 87' lang='lat' dir='ltr'><strong>noluerint</strong></span> 
     </span>
     <span class='ocr_line' id='line_1_28' title="bbox 189 3134 1241 3230; baseline 0.001 -19"><span class='ocrx_word' id='word_1_183' title='bbox 189 3134 473 3230; x_wconf 80' lang='lat' dir='ltr'><strong>congregatione,</strong></span> <span class='ocrx_word' id='word_1_184' title='bbox 493 3150 637 3213; x_wconf 90' lang='lat' dir='ltr'><strong>abbates</strong></span> <span class='ocrx_word' id='word_1_185' title='bbox 658 3150 733 3213; x_wconf 91' lang='lat' dir='ltr'><strong>siue</strong></span> <span class='ocrx_word' id='word_1_186' title='bbox 758 3148 907 3212; x_wconf 88' lang='lat' dir='ltr'><strong>decanos</strong></span> <span class='ocrx_word' id='word_1_187' title='bbox 935 3149 1000 3211; x_wconf 91' lang='lat' dir='ltr'><strong>sibi</strong></span> <span class='ocrx_word' id='word_1_188' title='bbox 1022 3168 1084 3230; x_wconf 91' lang='lat' dir='ltr'><strong>per</strong></span> <span class='ocrx_word' id='word_1_189' title='bbox 1104 3167 1241 3212; x_wconf 90' lang='lat' dir='ltr'><strong>succes-</strong></span> 
     </span>
     <span class='ocr_line' id='line_1_29' title="bbox 184 3247 1242 3330; baseline 0.001 -17"><span class='ocrx_word' id='word_1_190' title='bbox 184 3249 306 3313; x_wconf 85' lang='lat' dir='ltr'><strong>siones</strong></span> <span class='ocrx_word' id='word_1_191' title='bbox 326 3249 475 3330; x_wconf 91' lang='lat' dir='ltr'><strong>eligendi</strong></span> <span class='ocrx_word' id='word_1_192' title='bbox 494 3268 539 3313; x_wconf 88' lang='lat' dir='ltr'><strong>ex</strong></span> <span class='ocrx_word' id='word_1_193' title='bbox 559 3250 766 3314; x_wconf 88' lang='lat' dir='ltr'><strong>auctoritate</strong></span> <span class='ocrx_word' id='word_1_194' title='bbox 783 3249 884 3312; x_wconf 92' lang='lat' dir='ltr'><strong>buius</strong></span> <span class='ocrx_word' id='word_1_195' title='bbox 904 3256 1045 3312; x_wconf 88' lang='lat' dir='ltr'><strong>sanctae</strong></span> <span class='ocrx_word' id='word_1_196' title='bbox 1063 3247 1242 3314; x_wconf 90' lang='lat' dir='ltr'><strong>Romanae</strong></span> 
     </span>
     <span class='ocr_line' id='line_1_30' title="bbox 190 3348 1241 3432; baseline 0.001 -19"><span class='ocrx_word' id='word_1_197' title='bbox 190 3349 282 3413; x_wconf 85' lang='lat' dir='ltr'><strong>sedis</strong></span> <span class='ocrx_word' id='word_1_198' title='bbox 305 3356 341 3413; x_wconf 90' lang='lat' dir='ltr'><strong>et</strong></span> <span class='ocrx_word' id='word_1_199' title='bbox 362 3357 492 3427; x_wconf 88' lang='lat' dir='ltr'><strong>nostra,</strong></span> <span class='ocrx_word' id='word_1_200' title='bbox 508 3349 598 3414; x_wconf 92' lang='lat' dir='ltr'><strong>sicut</strong></span> <span class='ocrx_word' id='word_1_201' title='bbox 619 3350 818 3432; x_wconf 88' lang='lat' dir='ltr'><strong>postulasti,</strong></span> <span class='ocrx_word' id='word_1_202' title='bbox 838 3348 986 3431; x_wconf 86' lang='lat' dir='ltr'><strong>amplius</strong></span> <span class='ocrx_word' id='word_1_203' title='bbox 1008 3348 1160 3413; x_wconf 88' lang='lat' dir='ltr'><strong>babeant</strong></span> <span class='ocrx_word' id='word_1_204' title='bbox 1178 3370 1241 3432; x_wconf 93' lang='lat' dir='ltr'><strong>po·</strong></span> 
     </span>
     <span class='ocr_line' id='line_1_31' title="bbox 172 3449 1241 3532; baseline -0.001 -18"><span class='ocrx_word' id='word_1_205' title='bbox 172 3456 373 3530; x_wconf 79' lang='lat' dir='ltr'><strong>testatem3</strong></span> <span class='ocrx_word' id='word_1_206' title='bbox 390 3456 425 3514; x_wconf 88' lang='lat' dir='ltr'><strong>et</strong></span> <span class='ocrx_word' id='word_1_207' title='bbox 435 3470 478 3515; x_wconf 92' lang='lat' dir='ltr'><strong>ne</strong></span> <span class='ocrx_word' id='word_1_208' title='bbox 493 3450 725 3532; x_wconf 90' lang='lat' dir='ltr'><strong>impediantur</strong></span> <span class='ocrx_word' id='word_1_209' title='bbox 737 3451 945 3513; x_wconf 86' lang='lat' dir='ltr'><strong>auctoritate</strong></span> <span class='ocrx_word' id='word_1_210' title='bbox 956 3449 1148 3532; x_wconf 91' lang='lat' dir='ltr'><strong>apostolica</strong></span> <span class='ocrx_word' id='word_1_211' title='bbox 1162 3470 1241 3532; x_wconf 91' lang='lat' dir='ltr'><strong>pro-</strong></span> 
     </span>
     <span class='ocr_line' id='line_1_32' title="bbox 191 3550 1241 3633; baseline 0 -20"><span class='ocrx_word' id='word_1_212' title='bbox 191 3550 362 3628; x_wconf 90' lang='lat' dir='ltr'><strong>bibemus,</strong></span> <span class='ocrx_word' id='word_1_213' title='bbox 372 3570 483 3633; x_wconf 90' lang='lat' dir='ltr'><strong>neque</strong></span> <span class='ocrx_word' id='word_1_214' title='bbox 499 3570 561 3633; x_wconf 92' lang='lat' dir='ltr'><strong>per</strong></span> <span class='ocrx_word' id='word_1_215' title='bbox 574 3550 776 3614; x_wconf 86' lang='lat' dir='ltr'><strong>uiolentiam</strong></span> <span class='ocrx_word' id='word_1_216' title='bbox 787 3557 955 3614; x_wconf 85' lang='lat' dir='ltr'><strong>extranea</strong></span> <span class='ocrx_word' id='word_1_217' title='bbox 971 3568 1119 3631; x_wconf 89' lang='lat' dir='ltr'><strong>persona</strong></span> <span class='ocrx_word' id='word_1_218' title='bbox 1133 3551 1241 3613; x_wconf 91' lang='lat' dir='ltr'><strong>intro-</strong></span> 
     </span>
     <span class='ocr_line' id='line_1_33' title="bbox 191 3650 1242 3734; baseline -0.001 -19"><span class='ocrx_word' id='word_1_219' title='bbox 191 3651 340 3715; x_wconf 88' lang='lat' dir='ltr'><strong>ducatur</strong></span> <span class='ocrx_word' id='word_1_220' title='bbox 354 3651 421 3714; x_wconf 92' lang='lat' dir='ltr'><strong>nisi</strong></span> <span class='ocrx_word' id='word_1_221' title='bbox 438 3669 543 3734; x_wconf 89' lang='lat' dir='ltr'><strong>quam</strong></span> <span class='ocrx_word' id='word_1_222' title='bbox 559 3651 670 3715; x_wconf 91' lang='lat' dir='ltr'><strong>omnis</strong></span> <span class='ocrx_word' id='word_1_223' title='bbox 686 3670 828 3715; x_wconf 88' lang='lat' dir='ltr'><strong>concors</strong></span> <span class='ocrx_word' id='word_1_224' title='bbox 845 3650 1068 3732; x_wconf 87' lang='lat' dir='ltr'><strong>congregatio</strong></span> <span class='ocrx_word' id='word_1_225' title='bbox 1088 3650 1242 3731; x_wconf 88' lang='lat' dir='ltr'><strong>elegerit.</strong></span> 
     </span>
     <span class='ocr_line' id='line_1_34' title="bbox 192 3750 1243 3834; baseline 0 -19"><span class='ocrx_word' id='word_1_226' title='bbox 192 3750 381 3815; x_wconf 86' lang='lat' dir='ltr'><strong>Praeterea</strong></span> <span class='ocrx_word' id='word_1_227' title='bbox 398 3751 451 3814; x_wconf 93' lang='lat' dir='ltr'><strong>illi</strong></span> <span class='ocrx_word' id='word_1_228' title='bbox 465 3752 543 3816; x_wconf 91' lang='lat' dir='ltr'><strong>loco</strong></span> <span class='ocrx_word' id='word_1_229' title='bbox 558 3751 721 3834; x_wconf 90' lang='lat' dir='ltr'><strong>quicquid</strong></span> <span class='ocrx_word' id='word_1_230' title='bbox 737 3751 924 3815; x_wconf 88' lang='lat' dir='ltr'><strong>contuleris</strong></span> <span class='ocrx_word' id='word_1_231' title='bbox 940 3751 996 3813; x_wconf 90' lang='lat' dir='ltr'><strong>uel</strong></span> <span class='ocrx_word' id='word_1_232' title='bbox 1010 3750 1174 3814; x_wconf 89' lang='lat' dir='ltr'><strong>collatum</strong></span> <span class='ocrx_word' id='word_1_233' title='bbox 1190 3759 1243 3816; x_wconf 91' lang='lat' dir='ltr'><strong>est</strong></span> 
     </span>
     <span class='ocr_line' id='line_1_35' title="bbox 191 3851 1241 3929; baseline 0.001 -14"><span class='ocrx_word' id='word_1_234' title='bbox 191 3851 248 3916; x_wconf 90' lang='lat' dir='ltr'><strong>uel</strong></span> <span class='ocrx_word' id='word_1_235' title='bbox 264 3851 470 3929; x_wconf 88' lang='lat' dir='ltr'><strong>conferetur,</strong></span> <span class='ocrx_word' id='word_1_236' title='bbox 486 3851 605 3915; x_wconf 91' lang='lat' dir='ltr'><strong>diuina</strong></span> <span class='ocrx_word' id='word_1_237' title='bbox 619 3852 827 3916; x_wconf 89' lang='lat' dir='ltr'><strong>auctoritate</strong></span> <span class='ocrx_word' id='word_1_238' title='bbox 843 3858 879 3914; x_wconf 91' lang='lat' dir='ltr'><strong>et</strong></span> <span class='ocrx_word' id='word_1_239' title='bbox 894 3857 1012 3914; x_wconf 89' lang='lat' dir='ltr'><strong>nostra</strong></span> <span class='ocrx_word' id='word_1_240' title='bbox 1028 3851 1241 3917; x_wconf 82' lang='lat' dir='ltr'><strong>roboramus</strong></span> 
     </span>
     <span class='ocr_line' id='line_1_36' title="bbox 193 3949 1244 4034; baseline 0.001 -20"><span class='ocrx_word' id='word_1_241' title='bbox 193 3950 385 4033; x_wconf 88' lang='lat' dir='ltr'><strong>Priuilegia</strong></span> <span class='ocrx_word' id='word_1_242' title='bbox 400 3971 483 4016; x_wconf 90' lang='lat' dir='ltr'><strong>uero</strong></span> <span class='ocrx_word' id='word_1_243' title='bbox 501 3952 757 4034; x_wconf 89' lang='lat' dir='ltr'><strong>possessionum</strong></span> <span class='ocrx_word' id='word_1_244' title='bbox 780 3959 815 4015; x_wconf 91' lang='lat' dir='ltr'><strong>et</strong></span> <span class='ocrx_word' id='word_1_245' title='bbox 841 3951 1047 4032; x_wconf 86' lang='lat' dir='ltr'><strong>dignitatum</strong></span> <span class='ocrx_word' id='word_1_246' title='bbox 1071 3949 1244 4015; x_wconf 88' lang='lat' dir='ltr'><strong>karissimi</strong></span> 
     </span>
     <span class='ocr_line' id='line_1_37' title="bbox 193 4050 1244 4132; baseline -0.002 -16"><span class='ocrx_word' id='word_1_247' title='bbox 193 4051 309 4125; x_wconf 79' lang='lat' dir='ltr'><strong>fratris</strong></span> <span class='ocrx_word' id='word_1_248' title='bbox 326 4052 436 4116; x_wconf 85' lang='lat' dir='ltr'><strong>nostri</strong></span> <span class='ocrx_word' id='word_1_249' title='bbox 451 4052 660 4116; x_wconf 90' lang='lat' dir='ltr'><strong>uenerabilis</strong></span> <span class='ocrx_word' id='word_1_250' title='bbox 672 4052 848 4116; x_wconf 89' lang='lat' dir='ltr'><strong>Dunstani</strong></span> <span class='ocrx_word' id='word_1_251' title='bbox 865 4050 1079 4132; x_wconf 89' lang='lat' dir='ltr'><strong>aliorumque</strong></span> <span class='ocrx_word' id='word_1_252' title='bbox 1094 4051 1244 4114; x_wconf 88' lang='lat' dir='ltr'><strong>fidelium</strong></span> 
     </span>
     <span class='ocr_line' id='line_1_38' title="bbox 193 4150 1245 4235; baseline -0.004 -18"><span class='ocrx_word' id='word_1_253' title='bbox 193 4152 319 4217; x_wconf 88' lang='lat' dir='ltr'><strong>ibidem</strong></span> <span class='ocrx_word' id='word_1_254' title='bbox 341 4153 488 4229; x_wconf 89' lang='lat' dir='ltr'><strong>indulta,</strong></span> <span class='ocrx_word' id='word_1_255' title='bbox 512 4173 646 4217; x_wconf 91' lang='lat' dir='ltr'><strong>necnon</strong></span> <span class='ocrx_word' id='word_1_256' title='bbox 669 4160 704 4216; x_wconf 87' lang='lat' dir='ltr'><strong>et</strong></span> <span class='ocrx_word' id='word_1_257' title='bbox 727 4152 911 4235; x_wconf 88' lang='lat' dir='ltr'><strong>priuilegia</strong></span> <span class='ocrx_word' id='word_1_258' title='bbox 932 4160 1049 4215; x_wconf 86' lang='lat' dir='ltr'><strong>uestra</strong></span> <span class='ocrx_word' id='word_1_259' title='bbox 1071 4150 1114 4213; x_wconf 87' lang='lat' dir='ltr'><strong>ad</strong></span> <span class='ocrx_word' id='word_1_260' title='bbox 1137 4151 1245 4214; x_wconf 91' lang='lat' dir='ltr'><strong>bono·</strong></span> 
     </span>
    </p>
   </div>
   <div class='ocr_carea' id='block_1_3' title="bbox 0 0 1449 4890">
    <p class='ocr_par' dir='ltr' id='par_1_3' title="bbox 0 0 1449 4890">
     <span class='ocr_line' id='line_1_39' title="bbox 0 0 1449 4890; baseline 0 0"><span class='ocrx_word' id='word_1_261' title='bbox 0 0 1449 4890; x_wconf 95' lang='lat' dir='ltr'><strong> </strong></span> 
     </span>
    </p>
   </div>
  </div>
 </body>
</html>
