2858 4890
180 343 246 409 218
434 358 608 406 canarno
631 355 974 405 ancnosnxonrcnn.

636 611 788 676 DCLII.

514 760 810 838 *AEDELREn
836 760 913 825 985.

242 914 281 995 ›1‹
303 911 467 977 Munnus
490 912 556 975 iste
582 912 743 976 transibit
775 918 809 975 et
834 912 996 992 quicum
1025 906 1152 989 diligit,
1181 905 1243 987 qui

186 1012 362 1077 dominum
378 1012 494 1094 diligit
512 1012 665 1076 manebit
682 1013 718 1075 in
736 1012 932 1076 aeternnm!
973 1009 1031 1073 Sic
1045 1005 1243 1090 diligendus

187 1120 241 1178 est
257 1112 403 1176 mundus
426 1120 466 1176 ut
487 1112 603 1176 nullus
625 1113 790 1176 abutatur
811 1129 874 1191 eo;
899 1108 989 1173 male
1013 1109 1124 1172 utitur
1144 1125 1243 1169 mun·

187 1213 232 1277 do
249 1213 308 1277 ille
326 1213 385 1294 qui
401 1197 650 1294 philargyriam
673 1212 798 1276 retinet
814 1212 850 1274 in
873 1210 992 1274 clauso
1013 1209 1146 1271 uiscere
1168 1216 1244 1269 tan-

187 1330 289 1394 quam
329 1312 445 1376 hcram
471 1311 707 1395 principalem,
737 1312 820 1395 quia
850 1309 1025 1375 mundana
1063 1306 1244 1371 retinendo

187 1413 400 1489 minuuntur,
428 1412 611 1477 tribuendo
636 1411 920 1494 multiplicantur,
953 1410 1135 1474 intonante
1158 1426 1244 1490 apo-

188 1511 312 1577 stolica
326 1510 535 1590 sone,‘Qnid
552 1512 671 1589 habes,
684 1511 776 1595 quod
794 1531 863 1575 non
877 1510 1061 1593 accepisti?
1089 1508 1126 1572 Si
1145 1526 1244 1571 acce-

188 1613 282 1694 pisti,
301 1612 382 1694 quid
400 1612 479 1676 inde
497 1612 658 1693 gloriaris
677 1613 779 1693 quasi
794 1632 865 1676 non
881 1609 1091 1694 acceperisi'
1143 1605 1245 1673 Adeo

187 1713 394 1776 decantante
419 1712 690 1795 psalmigrapho,
707 1711 872 1777 ‘Domini
894 1717 949 1776 est
964 1717 1058 1775 terra
1073 1716 1110 1773 et
1130 1708 1243 1791 pleni-

189 1812 273 1877 tudo
291 1813 379 1888 eiuS,
395 1812 488 1876 orbis
514 1818 683 1876 terrarum
710 1819 745 1877 et
770 1812 924 1875 uniuersi
947 1811 1007 1895 qui
1030 1809 1244 1876 habitantia

189 1913 253 1977 eo.'
295 1911 528 1991 Quamobrem
552 1931 617 1993 ego
633 1910 836 1975 AEhelredus
853 1931 918 1976 rex
933 1909 1127 1992 Anglorum
1143 1929 1244 1992 prac-

188 2032 335 2077 noscens
363 2031 528 2095 quorsum
554 2011 732 2095 praedicta
756 2010 915 2090 tendant,
939 2011 1070 2075 scilicet
1092 2010 1138 2074 ad
1166 2010 1245 2073 dili-

190 2113 321 2194 gendos
335 2112 492 2176 homines
507 2113 605 2176 bonis
621 2112 772 2175 moribus
791 2111 992 2188 adornatoS,
1002 2110 1155 2176 concedo
1171 2110 1244 2174 cui-

190 2213 269 2278 dam
285 2232 363 2276 meo
377 2213 489 2277 amico
511 2212 605 2276 fideli
618 2213 755 2276 nomine
770 2211 904 2276 AElferd
920 2211 1093 2294 quandam
1109 2211 1245 2275 telluris

190 2313 409 2396 particulam,
427 2312 461 2376 id
487 2320 540 2378 est
560 2329 624 2376 .xr.
641 2332 781 2376 mansas
806 2313 843 2376 in
861 2313 941 2376 loco
956 2312 1093 2394 uulgari
1108 2312 1243 2376 uocita-

191 2415 283 2478 mine
312 2418 358 2476 aet
384 2412 633 2489 Miclamersce,
668 2413 834 2496 quatinus
864 2413 937 2476 uita
966 2412 1091 2476 comite
1117 2411 1246 2476 habeat

192 2534 233 2578 ac
256 2515 450 2598 perenniter
471 2512 670 2595 possideat;
699 2533 777 2577 cum
805 2520 920 2577 autem
946 2512 1124 2576 interitum
1150 2531 1244 2576 com-

191 2634 327 2677 munem
353 2613 515 2677 aduenire
545 2614 760 2696 cognouerit,
791 2613 982 2695 cuicunque
1015 2612 1081 2676 sibi
1105 2611 1246 2677 libuerit

191 2713 330 2778 haeredi
353 2721 433 2796 post
448 2732 486 2776 se
503 2714 719 2778 commendet
733 2714 770 2777 in
786 2714 960 2797 propriam
982 2710 1245 2778 haereditatem.

191 2814 245 2879 Sit
274 2821 389 2878 autem
413 2813 591 2896 praedicta
617 2812 720 2879 tellus
748 2813 857 2878 libera
882 2815 926 2878 ab
953 2813 1046 2878 omni
1075 2813 1247 2879 saeculari

193 2914 412 2991 offendiculo,
427 2934 503 2979 cum
525 2915 683 2980 omnibus
706 2904 795 2997 quae
821 2914 865 2977 ad
887 2914 965 2996 ipsa
978 2914 1055 2977 loca
1073 2914 1247 2996 pertinere

192 3016 430 3093 dinoscuntur,
455 3022 526 3080 tam
553 3015 590 3078 in
615 3016 751 3097 magnis
777 3033 881 3098 quam
902 3013 939 3076 in
963 3014 1106 3077 modicis
1132 3017 1247 3093 rebus,

193 3117 336 3198 campis,
370 3116 522 3199 pascuis,
552 3115 674 3198 pratiS,
701 3114 811 3190 siluis,
835 3113 991 3197 exceptis
1019 3114 1096 3179 istis
1122 3114 1247 3192 tribus,

193 3216 423 3299 expeditione,
441 3217 557 3298 pontis
580 3216 714 3280 arcisue
737 3214 1029 3292 coaedificatione,
1045 3214 1247 3279 anathema-

194 3317 239 3380 tis
262 3316 414 3398 antiquis
432 3316 587 3393 cartuliS,
604 3317 655 3379 ita
670 3323 710 3379 ut
730 3315 835 3379 nichil
858 3316 1000 3380 ualeant
1018 3315 1124 3392 ultra,
1141 3316 1247 3381 ctiam

192 3416 223 3478 si
243 3415 367 3479 iterum
397 3424 585 3497 emergant.
649 3416 753 3479 Hanc
780 3436 863 3480 uero
889 3435 1002 3480 meam
1025 3415 1247 3480 donationem

193 3516 370 3597 cupientes
397 3515 550 3578 minuere
578 3515 634 3579 uel
664 3520 797 3580 mutare
821 3517 880 3580 uel
907 3516 1066 3598 frangere
1096 3515 1248 3581 habeant

194 3617 386 3699 portionem
414 3615 583 3679 cumillis
610 3617 734 3697 quibus
757 3617 895 3694 dicitur,
916 3616 1118 3681 ‘Discedite
1146 3636 1169 3681 a
1193 3637 1248 3683 mc

195 3716 342 3800 operarii
361 3715 554 3798 iniquitatis
569 3717 604 3779 in
622 3715 779 3780 flammas
793 3717 949 3797 ignium,'
966 3717 1033 3781 nisi
1049 3717 1147 3800 prius
1164 3737 1248 3800 poc-

195 3817 360 3880 nitentiae
387 3817 492 3896 digna
517 3815 754 3881 satisfactione
783 3818 975 3882 emendent.
1040 3817 1106 3880 Est
1130 3825 1248 3883 autem

195 3916 407 4000 praedictum
425 3934 484 3978 rus
498 3914 625 3979 talibus
643 3916 891 3983 circumdatum
905 3917 1072 3981 terminis.
1127 3920 1249 3984 AErest

195 4017 236 4081 os
243 4017 388 4079 Terstan
407 4007 480 4098 supp
497 4035 542 4079 on
553 4014 764 4095 Iwwcnmb3
784 4017 938 4082 oslwwa
949 4019 1072 4082 cumbe
1087 4038 1132 4082 on
1145 4019 1249 4083 wien:

195 4117 333 4199 hyrste;
359 4116 399 4180 oi
418 4116 621 4199 wainhyrste
646 4137 691 4181 on
716 4117 802 4182 done
828 4119 925 4183 ealda
951 4119 1017 4194 iw;
1046 4115 1180 4184 bonone
1213 4120 1253 4184 of
