2858 4890
193 350 236 414 86
450 362 622 412 casarea
645 364 986 413 rnouosaxonrcau.

609 620 818 686 nuxxn.

560 740 782 849 sinsin,
803 770 881 836 972.

248 922 287 1003 ›1‹
302 920 415 986 Nunc
434 921 602 986 mutando
618 921 791 1004 fragilitas
809 917 966 983 mortalis
981 918 1076 983 uitae
1092 938 1243 985 marces·

192 1023 253 1099 cit,
269 1028 305 1085 et
321 1022 472 1087 rotunda
493 1022 710 1087 saeculorum
730 1021 932 1085 uolubilitas
951 1019 1132 1097 manescit,
1148 1039 1191 1084 ac
1207 1022 1242 1084 in

191 1142 350 1187 carorum
382 1123 653 1207 propinquorum
677 1123 934 1204 amicorumque
954 1121 1140 1184 amissione
1159 1140 1242 1185 con-

191 1223 349 1306 queritur
363 1244 405 1289 ac
420 1223 578 1289 defletur.
614 1224 700 1288 Ideo
721 1243 786 1305 ego
803 1222 943 1303 Eadgar
960 1220 1069 1286 totius
1086 1221 1243 1286 Brittan-

191 1324 271 1387 niae
286 1325 437 1391 basileus
451 1326 624 1408 quandam
640 1325 729 1388 ruris
744 1322 964 1407 particulam,
981 1329 1131 1404 quatuor
1146 1322 1243 1387 uide·

191 1425 274 1489 licet
299 1433 466 1504 cassatos,
492 1427 528 1490 in
555 1427 633 1490 loco
657 1425 715 1509 qui
737 1424 863 1488 celebri
888 1429 935 1486 aet
950 1420 1084 1499 Auene,
1109 1442 1241 1487 unucu-

192 1531 297 1606 patur
313 1527 494 1603 uocabulo,
517 1527 652 1591 cuidam
674 1545 751 1589 meo
768 1523 977 1588 cubiculario
991 1523 1128 1586 nomine
1144 1522 1242 1588 win-

191 1631 306 1701 stano,
330 1645 393 1707 pro
407 1627 570 1709 obsequio
586 1627 660 1691 eius
679 1625 899 1691 deuotissimo
915 1630 1082 1707 perpetua
1096 1623 1242 1705 largitus

191 1744 268 1788 sum
284 1724 511 1801 baereditate;
529 1735 569 1791 ut
578 1727 652 1809 ipse
666 1727 739 1790 uita
749 1727 872 1790 comite
884 1745 962 1787 cnm
973 1724 1130 1788 omnibus
1144 1732 1243 1789 uten-

191 1825 322 1902 silibuS,
351 1827 458 1907 pratis
488 1826 660 1903 uidelicet,
683 1827 830 1910 pascuis,
853 1825 974 1908 syluiS,
996 1825 1070 1888 uoti
1100 1845 1242 1909 compos

192 1924 319 1990 babeat
350 1933 386 1991 et
418 1933 498 2010 post
526 1927 619 1990 uitae
651 1945 736 1991 suae
761 1926 944 1991 terminum
971 1927 1243 2008 quibuscumque

190 2025 339 2090 uoluerit
356 2026 558 2091 cleronomis
579 2028 764 2090 immunem
785 2027 1010 2107 derelinquat.
1057 2025 1110 2089 Sit
1125 2033 1242 2090 autem

190 2127 404 2209 praedictum
426 2147 485 2191 rus
505 2128 598 2192 omui
621 2135 779 2192 terrenae
803 2126 980 2191 seruitutis
995 2127 1077 2207 iugo
1096 2126 1242 2190 liberum

189 2227 300 2290 tribus
326 2228 494 2310 exceptis,
523 2234 601 2292 rata
630 2228 790 2293 uidelicet
814 2234 849 2292 et
871 2226 1101 2309 expeditione,
1125 2229 1242 2309 pontis

189 2327 323 2391 arcisue
353 2329 615 2394 restauratione.
679 2329 716 2393 Si
743 2328 820 2412 quis
842 2328 949 2410 igitur
970 2324 1059 2391 hanc
1086 2334 1241 2391 nostram

188 2426 409 2492 donatiouem
447 2428 483 2491 in
518 2429 610 2492 aliud
644 2449 749 2512 quam
782 2429 1020 2493 constituimus
1053 2422 1241 2494 transferre

188 2527 349 2605 uoluerit,
387 2529 542 2611 priuatus
580 2531 753 2595 consortio
790 2537 932 2595 sanctae
970 2529 1025 2592 dei
1054 2529 1241 2594 aecclesiae

188 2628 339 2692 aeternis
361 2629 515 2693 barathri
535 2630 701 2694 incendiis
722 2631 877 2712 lugubris
899 2631 1025 2712 iugiter
1049 2649 1127 2693 cum
1151 2628 1242 2695 Iuda

188 2727 318 2792 Christi
335 2729 509 2811 proditore
531 2731 672 2814 eiusque
692 2731 914 2814 complicibus
931 2731 1106 2814 puniatur,
1124 2730 1153 2793 si
1172 2751 1242 2795 non

187 2828 423 2893 satisfactione
435 2832 669 2895 emendauerit
679 2850 833 2913 congrua
846 2831 937 2913 quod
950 2837 1072 2896 contra
1082 2837 1240 2895 nostrum

185 2928 330 3012 deliquit
347 2929 533 2994 decretum.
586 2931 651 2997 Dis
679 2932 768 3015 synd
787 2931 873 2997 'dara
890 2932 1017 2996 seower
1036 2930 1118 2994 bida
1139 2931 1240 2995 land-

185 3018 338 3111 gemiera
365 3036 413 3094 aet
433 3029 544 3095 Afene
567 3030 608 3096 be
626 3021 765 3114 Eridgar
787 3031 915 3118 cyning
937 3021 1239 3116 gebocadeWyn·

185 3130 283 3194 stine
305 3130 359 3193 bis
385 3127 537 3196 binaeue
563 3153 608 3197 on
636 3133 696 3197 rice
721 3133 806 3216 yrfe.
860 3133 980 3196 AErest
1004 3133 1044 3196 of
1060 3129 1173 3196 Aiane
1193 3153 1239 3198 on

183 3234 232 3294 lia
264 3230 388 3295 ealdan
421 3223 566 3296 burbdic
591 3253 636 3296 on
666 3232 763 3296 baene
794 3254 890 3315 weg3
932 3233 1005 3298 ofer
1032 3240 1133 3299 aaene
1161 3254 1240 3314 weg

183 3331 257 3394 erist
288 3332 357 3395 swri
378 3333 550 3414 Wulfsige
580 3333 632 3397 bit
660 3323 872 3416 gemaersode
902 3339 949 3398 oli
984 3334 1036 3398 bit
1065 3339 1169 3416 cyma
1199 3324 1238 3398 ῐὸ

183 3419 272 3494 dmm
302 3451 398 3514 wege
430 3430 471 3497 be
495 3439 580 3496 scaet
607 3433 694 3496 fram
720 3434 895 3499 Hambres
916 3434 1029 3499 buruh
1051 3424 1089 3499 ῐὸ
1119 3432 1238 3498 AEbel-

183 3533 377 3615 ivarebyrig
405 3529 448 3596 ob
474 3532 524 3595 bit
550 3532 649 3616 cymb
671 3525 710 3599 to
732 3535 807 3598 brim
829 3555 926 3616 wege
948 3534 988 3599 be
1011 3541 1096 3599 scaet
1116 3535 1236 3599 eastan

182 3630 270 3694 fram
292 3631 565 3697 Winterburnan
593 3642 679 3699 west
711 3625 749 3698 to
779 3635 894 3699 Billan
925 3638 1047 3700 cumbe
1077 3625 1116 3700 ῐὸ
1147 3625 1236 3700 baem

182 3731 306 3796 ealdan
334 3732 550 3810 wuduforda,
579 3733 691 3798 bonan
726 3726 776 3817 ἥρ
811 3757 856 3800 on
890 3737 1004 3802 midne
1034 3738 1159 3801 stream
1194 3735 1236 3801 od

181 3831 234 3896 bit
257 3830 355 3914 cymb
377 3833 426 3897 eft
448 3834 570 3897 foruan
594 3855 684 3916 gean
706 3835 749 3899 ba
771 3836 896 3901 ealdan
921 3828 1078 3902 burbdic.
1131 3835 1238 3902 Anno

180 3930 370 3997 dominicae
391 3934 637 3999 incarnationis
658 3939 1133 4020 .ncccc.axx11.scriptaest
1151 3938 1238 4002 baec

180 4040 277 4096 carta
315 4033 366 4096 his
405 4036 550 4098 testibus
588 4038 879 4102 consentientibus
910 4057 1055 4121 quorum
1093 4038 1236 4103 iuferius

179 4133 318 4197 nomina
334 4142 555 4200 caraxantur.
