2858 4890
446 351 618 401 curnula
639 352 982 401 naccessxosrcnn.
1167 334 1233 400 115

182 527 242 572 nos
275 509 451 574 instruens
486 510 613 575 mentis
653 510 838 575 deuotione
874 510 919 575 ad
957 512 1048 575 bona
1084 510 1231 575 feliciter

181 608 318 691 agenda
332 610 498 693 quatinus
518 612 748 693 subrigamur,
772 611 919 693 instigat
939 611 1065 675 cotidie
1084 612 1229 693 cupiens

182 709 343 774 clementi
362 710 494 793 pietate
517 710 798 794 extemporaliter
822 712 921 776 uobis
945 710 1090 775 indultis
1109 712 1228 775 rediti-

182 809 245 873 bus
260 828 363 874 uersa
381 811 459 875 uice
481 830 551 895 quo
572 812 682 894 ipsius
704 830 879 895 sponsam,
904 812 1107 875 aecclesiam
1130 811 1227 875 uide·

182 909 261 974 licet
281 910 525 988 orthodoxam,
542 919 713 976 certemus
733 911 862 993 politae
887 912 1128 976 decorositatis
1152 930 1228 975 mu-

183 1028 262 1073 nere
283 1030 466 1089 exemere,
493 1012 531 1075 in
555 1013 654 1077 cuius
681 1012 948 1094 amplificatione
973 1020 1116 1076 sanctus
1140 1011 1226 1075 deus

184 1109 368 1191 gaurizans
398 1111 550 1176 laetatur
578 1112 801 1195 permaxime.
880 1112 1018 1177 Etenim
1050 1112 1131 1176 dum
1163 1131 1227 1195 pro

184 1209 323 1275 modulo
348 1212 620 1295 uniuscuiusque
655 1212 908 1295 possibilitatis,
934 1219 1095 1276 manente
1128 1213 1224 1277 inco·

184 1308 341 1376 lumitate
364 1312 529 1394 corporis,
552 1312 589 1376 in
616 1310 720 1376 huius
743 1313 945 1395 operatione
970 1313 1076 1377 studii
1097 1312 1151 1376 fas
1178 1315 1224 1377 sit

183 1430 324 1493 operam
347 1411 442 1490 dare,
476 1430 628 1495 curaque
659 1413 876 1489 omnimodis,
905 1414 1090 1495 praecipue
1124 1413 1225 1496 plau-

183 1510 286 1576 dente
321 1510 506 1578 deuotione
536 1512 709 1577 interioris
745 1512 904 1590 bominis,
941 1514 1001 1596 qui
1036 1513 1222 1577 secundum

184 1610 284 1676 deum
305 1611 427 1677 diatim
450 1619 639 1677 renouatur
654 1613 691 1676 in
705 1613 884 1695 agnitione
907 1612 1049 1677 deificae
1064 1612 1223 1678 ueritatis

184 1712 356 1793 agendum
372 1720 427 1778 est
448 1712 560 1790 nobis,
577 1732 666 1797 quos
682 1713 812 1777 domini
838 1713 942 1777 lhesu
968 1713 1131 1777 salutaris
1148 1714 1224 1795 dig·

184 1812 277 1876 natio
305 1812 393 1877 solio
420 1813 621 1878 sublimauit
649 1812 785 1896 imperii
814 1813 954 1895 regalis,
985 1821 1091 1895 atque
1118 1813 1223 1895 digne

183 1912 354 1977 concessit
383 1932 454 1996 quo
487 1913 664 1979 manentia
695 1913 963 1997 adipisceremur
993 1913 1149 1997 praemia
1177 1932 1222 1978 ex

183 2012 367 2077 collatione
382 2019 539 2078 terrenae
563 2014 758 2096 potestatis.
809 2012 1032 2097 Perpendens
1053 2011 1223 2095 siquidem

183 2132 248 2194 ego
270 2112 424 2195 Eadgar,
442 2113 645 2197 sceptrifero
663 2113 898 2197 dispositionis
921 2114 995 2177 iure
1020 2113 1128 2177 totius
1145 2114 1223 2177 Bri-

183 2212 312 2279 tannici
330 2214 424 2278 orbis
441 2213 603 2291 basileus,
612 2215 715 2278 iuxta
722 2214 933 2279 Salomonici
948 2214 1047 2277 uerbi
1060 2212 1223 2291 edictum,

182 2314 445 2399 generationem
467 2314 657 2379 instantem
687 2314 731 2378 ad
763 2315 834 2379 ima
862 2314 977 2378 delabi
1010 2313 1222 2396 eandemque

181 2413 386 2479 humanitus·
412 2415 579 2497 reparari,
600 2434 860 2498 agnoscensque
886 2414 979 2478 circa
1001 2432 1065 2478 nos
1090 2423 1222 2498 quanta

181 2513 346 2579 diuinitus
362 2514 536 2598 praeuisio
554 2521 694 2579 maneat
709 2515 850 2597 benigni
863 2515 931 2593 dei,
947 2513 1022 2578 eius
1041 2514 1221 2597 multiplici

181 2614 373 2699 inspirante
386 2614 569 2680 clementia
594 2636 671 2679 sum
695 2622 916 2699 prouocatus,
932 2615 1098 2698 quatinus
1109 2634 1221 2697 ‚prae-

182 2724 279 2781 sente
299 2722 441 2779 caterua
457 2722 659 2780 cunctorum
680 2717 790 2781 nostri
806 2716 903 2796 regni
921 2716 1105 2798 primatum
1121 2734 1221 2778 sanc-

182 2815 371 2880 tificatione
392 2815 576 2898 principali
600 2824 758 2880 sacratus
778 2824 813 2881 et
835 2817 925 2880 sacri
946 2815 1111 2897 unguinis
1133 2815 1223 2879 infu-

181 2914 278 2981 sione
301 2916 418 2980 fierem
435 2915 620 2993 delibutus,
641 2923 680 2980 ut
696 2935 739 2980 ex
757 2917 928 2980 materiali
949 2915 1130 2980 infusionis
1147 2935 1222 2979 mu·

182 3036 264 3081 nere
290 3016 466 3081 munimen
489 3022 525 3079 et
543 3016 732 3080 subsidium
756 3017 951 3099 perueniret
975 3015 1223 3080 benedictionis

181 3116 300 3182 calice.
352 3114 456 3195 Quod
482 3116 588 3180 etiam
614 3116 752 3180 actitari
773 3117 808 3179 in
834 3116 987 3181 famosae
1013 3115 1223 3180 celebritatis

181 3218 266 3281 urbe
279 3216 413 3301 placuit
428 3216 606 3281 serenitati
623 3224 762 3281 nostrae
778 3217 833 3280 cui
848 3217 892 3279 ab
908 3215 1008 3298 aquis
1030 3215 1223 3279 calentibus

184 3315 303 3383 Baban
316 3316 447 3381 dudum
461 3322 516 3380 est
528 3317 727 3399 impositum
737 3316 956 3394 uocabulum,
970 3316 1046 3399 ipso
1062 3315 1224 3379 uidelicet

183 3417 409 3483 reuolutionis
425 3416 479 3480 die
493 3437 562 3500 quo
584 3417 688 3481 coelis
708 3415 851 3499 spiritus
872 3424 1014 3481 sauctus
1035 3414 1224 3480 adueniens

182 3517 383 3595 coenaculo,
405 3516 633 3582 residentibus
655 3516 822 3598 apostolis
845 3517 982 3581 diuersa
1005 3515 1097 3579 dona
1116 3516 1223 3579 caris-

183 3625 314 3682 matum
336 3617 501 3698 dignatus
518 3621 571 3680 est
587 3616 793 3681 ministrare.
847 3616 948 3680 Unde
964 3635 1055 3679 nunc
1077 3621 1112 3679 et
1127 3614 1222 3678 dein-

184 3738 265 3802 ceps
290 3717 480 3799 comperiat
505 3715 616 3780 omnis
640 3734 758 3793 sexus,
784 3717 896 3780 omnis
919 3724 1028 3792 aetas,
1043 3715 1223 3796 omnisque

185 3817 336 3883 conditio
354 3815 645 3898 principalitatem
668 3822 822 3880 nostram
850 3817 1003 3895 gratanti
1024 3814 1224 3895 dapsilitate

186 3917 334 4001 qualiter
363 3914 578 3991 coenobium,
605 3915 696 3997 quod
723 3917 767 3979 ab
801 3922 906 3980 atauo
930 3934 1005 3978 meo
1029 3913 1224 3977 Eadwardo

184 4036 275 4100 rege,
306 4014 469 4079 uidelicet
493 4016 529 4078 in
558 4015 683 4079 celebri
716 4017 793 4080 loco
821 4016 881 4098 qui
907 4034 929 4078 a
956 4014 1108 4078 solicolis
1139 4021 1223 4078 noto

186 4116 321 4183 Wiltun
349 4120 495 4180 uocatur
523 4114 659 4179 nominc
689 4116 794 4180 situm
825 4123 900 4191 est;
936 4113 1121 4177 eliminatis
1148 4114 1227 4177 inde

1048 4213 1091 4257 12
