2858 4890
453 372 623 421 cusam
646 374 985 424 Aacnosaxorucns.
1165 361 1231 426 183

182 527 305 604 dicam,
321 535 436 592 aetate
452 528 603 610 uigente,
619 530 783 593 atrociter
803 529 912 593 ueluti
933 531 1060 612 pagani
1082 531 1126 594 ad
1147 552 1224 613 per-

183 635 324 709 petuum
351 630 405 692 sui
434 628 619 710 dampnum
645 628 825 709 fugabant.
876 629 961 692 Eius
989 632 1096 711 igitur
1121 632 1224 694 bene·

183 727 356 792 uolentiae
370 729 588 810 congaudens
597 748 749 791 meorum
766 729 970 810 optimatum
983 750 1065 793 usus
1079 732 1225 794 consilio

182 827 350 892 libertatis
368 828 595 911 priuilegium,
611 828 765 909 praelato
781 829 858 891 loco
882 839 1022 892 sanctae
1047 831 1101 893 dei
1126 833 1223 912 geni-

181 929 256 991 trici
285 947 486 1010 semperque
510 928 636 1010 uirgini
653 928 788 991 Mariae
813 928 940 1005 dicato,
963 949 1090 1011 magna
1116 932 1223 994 animi

183 1027 363 1092 alacritate
389 1027 581 1111 tripudians
606 1028 769 1105 concedo,
804 1037 839 1092 et
867 1029 1053 1093 secundum
1088 1033 1226 1113 patroni

184 1129 293 1192 nostri
308 1129 400 1192 beati
413 1128 591 1192 Benedicti
607 1129 835 1200 traditionem,
847 1139 927 1210 post
941 1130 1073 1193 obitum
1088 1132 1225 1195 abbatis

184 1228 240 1309 qui
266 1248 360 1292 nunc
384 1235 504 1292 sancto
523 1228 695 1310 praesidet
718 1228 808 1304 loco,
824 1230 932 1292 abbas
954 1249 1000 1292 ex
1021 1231 1141 1293 eadem
1163 1232 1226 1295 eli·

184 1336 286 1409 gatur
301 1329 579 1410 congregatione,
596 1327 656 1410 qui
680 1327 806 1408 dignus
827 1329 875 1391 sit
896 1329 958 1392 tali
980 1328 1079 1411 fungi
1100 1330 1224 1409 officio,

183 1428 348 1492 aliorsum
360 1446 444 1491 uero
464 1428 613 1503 minime,
629 1427 695 1490 nisi
716 1427 826 1509 culpis
847 1430 1121 1510 promerentibus
1141 1432 1225 1496 inibi

183 1528 331 1591 inueniri
352 1528 554 1610 nequiuerit,
570 1528 630 1610 qui
650 1535 754 1610 aptus
776 1529 822 1590 sit
838 1529 1018 1591 animabus
1039 1530 1226 1596 lucrandis.

185 1626 286 1705 Quod
313 1629 344 1691 si
369 1626 445 1704 boc,
467 1627 559 1710 quod
592 1628 694 1703 absit,
723 1628 964 1692 miserabiliter
987 1633 1153 1707 euenerit,
1184 1634 1226 1695 de

184 1727 250 1792 alio
281 1735 365 1792 noto
395 1735 431 1792 et
458 1726 618 1791 familiari
655 1729 863 1792 monasterio
885 1727 1048 1792 'unanimi
1079 1730 1223 1795 fratrum

185 1827 328 1891 consilio
344 1827 504 1909 eligatur,
520 1827 618 1891 cuius
632 1829 707 1891 uita
728 1828 916 1910 probabilis
937 1831 1110 1911 sapientia
1126 1851 1226 1913 prae-

184 1927 255 1990 dita
291 1928 455 2010 cultuque
489 1927 665 2009 religionis
696 1928 829 2009 fulgida
857 1927 1015 1992 fidelibus
1045 1931 1225 1995 clarescat.

187 2027 310 2091 Finitis
334 2047 481 2110 namque
500 2026 620 2091 diebus
636 2028 794 2092 beneuoli
811 2036 847 2091 et
865 2028 1048 2092 laudabilis
1065 2032 1144 2107 uiri,
1166 2035 1225 2113 qui

184 2127 342 2209 specialis
355 2127 442 2191 lucri
456 2128 556 2209 copia
579 2135 736 2192 sanctum
751 2128 894 2210 dapsilis
911 2130 1084 2193 ditauerat
1100 2131 1226 2207 locum,

184 2226 348 2292 laicorum
368 2247 467 2292 nemo
488 2228 596 2310 ipsius
615 2228 682 2291 loci
707 2229 893 2292 dominium
918 2249 1140 2312 praesumens
1162 2235 1227 2296 sibi

183 2334 336 2410 usurpet.
387 2327 468 2392 Rex
492 2348 574 2393 uero
600 2346 690 2409 quae
711 2329 755 2391 ab
777 2348 818 2391 eo
835 2329 972 2393 domino
987 2339 1105 2394 nostro
1124 2332 1227 2397 lhesu

185 2427 323 2492 Christo
355 2427 495 2510 eiusque
519 2427 676 2509 genitrici
706 2448 908 2511 semperque
938 2432 1066 2511 uirgini
1092 2432 1227 2498 Mariae

186 2529 226 2591 ab
248 2535 401 2605 aeterno,
418 2547 527 2610 usque
550 2529 857 2592 remunerationem
876 2549 1041 2594 concessa
1067 2540 1149 2596 sunt
1171 2535 1227 2597 uel

184 2627 412 2705 concedenda,
437 2646 501 2690 nec
529 2629 635 2691 abbas
661 2647 724 2692 nec
753 2628 899 2691 alicuius
928 2650 1095 2712 personae
1127 2633 1229 2698 bomo

184 2727 355 2793 licentiam
368 2727 494 2790 habeat
514 2747 577 2809 pro
591 2729 737 2810 pecunia
751 2729 933 2806 uendendi,
949 2731 1005 2794 uel
1019 2734 1128 2813 gratis
1146 2754 1227 2797 con·

186 2827 326 2891 cedendi
349 2827 405 2890 uel
420 2826 587 2900 mutandi,
611 2828 669 2890 sed
688 2837 828 2892 aeterno
854 2828 918 2892 deo
943 2841 1081 2896 maneat
1101 2835 1228 2915 imper·

185 2935 336 3009 petuum,
366 2926 457 3009 quod
489 2927 521 2989 ei
556 2945 755 2990 concessum
786 2929 844 2991 uel
877 2932 1133 2995 concedendum
1163 2941 1227 2996 est.

186 3027 322 3109 Regum
352 3046 435 3090 uero
468 3026 653 3089 munimine
679 3026 840 3110 deinceps
866 3030 941 3111 ipse
967 3030 1064 3094 locus
1090 3033 1227 3097 domino

184 3133 384 3209 protegente
411 3133 561 3201 tueatur,
584 3127 761 3209 ipsiusque
786 3129 852 3192 loci
874 3130 981 3192 abbas
1005 3133 1078 3213 regi
1114 3133 1229 3195 deser-

184 3229 280 3292 uiens
302 3246 440 3310 gregem
462 3227 528 3290 sibi
550 3227 768 3290 commissum
785 3228 956 3306 dirocheo,
973 3231 1008 3293 id
1029 3243 1082 3296 est
1099 3233 1227 3314 duplici

185 3335 286 3409 pastu
304 3326 431 3391 foueat.
477 3327 530 3390 Sit
544 3327 650 3408 igitur
666 3327 858 3408 praelatum
872 3333 1117 3394 monasterium
1135 3336 1226 3397 omni

183 3434 338 3492 terrenae
360 3427 537 3491 seruitutis
554 3428 636 3507 iugo
661 3426 816 3505 liberum,
832 3430 941 3491 tribus
968 3434 1133 3513 exceptis,
1152 3443 1229 3498 rata

184 3527 343 3591 uidelicet
376 3526 607 3608 expeditione,
639 3527 753 3609 pontis
790 3530 924 3592 arcisue
961 3534 1225 3598 restauratione.

183 3627 218 3691 Si
240 3627 319 3710 quis
344 3645 428 3689 uero
452 3632 524 3690 tam
548 3627 786 3708 epilempticus
808 3627 1040 3711 philargyriae
1066 3632 1227 3697 seductus

185 3724 445 3808 amentia,quod
460 3744 529 3790 non
543 3735 713 3807 optamus
721 3726 810 3790 hanc
825 3736 964 3791 nostrae
978 3730 1231 3798 munificentiae

184 3825 417 3909 dapsilitatem
451 3844 538 3888 ausu
566 3827 748 3889 temerario
780 3826 966 3908 infringere
997 3835 1229 3911 temptauerit,

185 3927 229 3991 sit
253 3926 328 4008 ipse
351 3925 521 3988 alienatus
547 3944 568 3988 a
596 3927 770 3989 consortio
792 3934 933 3990 sanctae
955 3929 1009 3991 dei
1028 3932 1229 4010 aecclesiae,

186 4044 317 4090 necnon
356 4032 391 4088 et
416 4042 438 4087 a
469 4025 732 4108 participatione
764 4029 976 4090 sacrosancti
1009 4031 1161 4110 corporis
1196 4041 1231 4095 et

187 4125 366 4206 sanguinis
383 4124 489 4188 Ihesu
507 4123 636 4189 Christi
652 4124 714 4188 filii
731 4125 798 4203 dei,
814 4145 875 4208 per
893 4146 994 4209 quem
1011 4136 1105 4192 totus
1122 4138 1231 4192 terra·
