<?xml version="1.0" encoding="UTF-8"?>
<!DOCTYPE html PUBLIC "-//W3C//DTD XHTML 1.0 Transitional//EN"
    "http://www.w3.org/TR/xhtml1/DTD/xhtml1-transitional.dtd">
<html xmlns="http://www.w3.org/1999/xhtml" xml:lang="en" lang="en">
 <head>
  <title>
</title>
<meta http-equiv="Content-Type" content="text/html;charset=utf-8" />
  <meta name='ocr-system' content='tesseract 3.04.00' />
  <meta name='ocr-capabilities' content='ocr_page ocr_carea ocr_par ocr_line ocrx_word'/>
</head>
<body>
  <div class='ocr_page' id='page_1' title='image "./codexdiplomatic00kembgoog_0398.png"; bbox 0 0 2858 4890; ppageno 0'>
   <div class='ocr_carea' id='block_1_1' title="bbox 446 370 1251 436">
    <p class='ocr_par' dir='ltr' id='par_1_1' title="bbox 446 370 1251 436">
     <span class='ocr_line' id='line_1_1' title="bbox 446 370 1251 436; baseline 0.006 -5"><span class='ocrx_word' id='word_1_1' title='bbox 446 383 621 432; x_wconf 72' lang='lat' dir='ltr'>cnonrnn</span> <span class='ocrx_word' id='word_1_2' title='bbox 643 384 988 435; x_wconf 76' lang='lat' dir='ltr'>ancnosnxonrcnn.</span> <span class='ocrx_word' id='word_1_3' title='bbox 1185 370 1251 436; x_wconf 81' lang='lat'>339</span> 
     </span>
    </p>
   </div>
   <div class='ocr_carea' id='block_1_2' title="bbox 521 638 908 866">
    <p class='ocr_par' dir='ltr' id='par_1_2' title="bbox 521 638 908 866">
     <span class='ocr_line' id='line_1_2' title="bbox 609 638 820 706; baseline 0.005 -3"><span class='ocrx_word' id='word_1_4' title='bbox 609 638 820 706; x_wconf 82' lang='lat' dir='ltr'>Dccxlv.</span> 
     </span>
     <span class='ocr_line' id='line_1_3' title="bbox 521 785 908 866; baseline 0.003 -15"><span class='ocrx_word' id='word_1_5' title='bbox 521 785 788 866; x_wconf 84' lang='lat' dir='ltr'><strong>AEDELRED,</strong></span> <span class='ocrx_word' id='word_1_6' title='bbox 812 788 908 852; x_wconf 84' lang='lat'>1005.</span> 
     </span>
    </p>
   </div>
   <div class='ocr_carea' id='block_1_3' title="bbox 182 931 1242 4108">
    <p class='ocr_par' dir='ltr' id='par_1_3' title="bbox 182 931 1242 4108">
     <span class='ocr_line' id='line_1_4' title="bbox 241 931 1242 1018; baseline 0.002 -23"><span class='ocrx_word' id='word_1_7' title='bbox 241 933 281 1013; x_wconf 70' lang='lat'>›1‹</span> <span class='ocrx_word' id='word_1_8' title='bbox 301 931 529 997; x_wconf 71' lang='lat' dir='ltr'>Donrulrt‘ru</span> <span class='ocrx_word' id='word_1_9' title='bbox 550 954 613 1018; x_wconf 84' lang='lat' dir='ltr'>por</span> <span class='ocrx_word' id='word_1_10' title='bbox 632 936 774 1000; x_wconf 85' lang='lat' dir='ltr'>saecula</span> <span class='ocrx_word' id='word_1_11' title='bbox 797 935 933 1000; x_wconf 91' lang='lat' dir='ltr'>infinita</span> <span class='ocrx_word' id='word_1_12' title='bbox 958 937 1110 1000; x_wconf 90' lang='lat' dir='ltr'>omnium</span> <span class='ocrx_word' id='word_1_13' title='bbox 1135 933 1242 998; x_wconf 92' lang='lat' dir='ltr'>domi-</span> 
     </span>
     <span class='ocr_line' id='line_1_5' title="bbox 187 1031 1240 1118; baseline 0.006 -26"><span class='ocrx_word' id='word_1_14' title='bbox 187 1036 308 1096; x_wconf 89' lang='lat' dir='ltr'>natore</span> <span class='ocrx_word' id='word_1_15' title='bbox 322 1031 463 1097; x_wconf 88' lang='lat' dir='ltr'>Gbristo</span> <span class='ocrx_word' id='word_1_16' title='bbox 478 1033 655 1098; x_wconf 88' lang='lat' dir='ltr'>saluatore</span> <span class='ocrx_word' id='word_1_17' title='bbox 675 1043 807 1112; x_wconf 87' lang='lat' dir='ltr'>nostro,</span> <span class='ocrx_word' id='word_1_18' title='bbox 825 1036 1132 1118; x_wconf 86' lang='lat' dir='ltr'>uniuersitatisquc</span> <span class='ocrx_word' id='word_1_19' title='bbox 1145 1054 1240 1098; x_wconf 91' lang='lat' dir='ltr'>crea-</span> 
     </span>
     <span class='ocr_line' id='line_1_6' title="bbox 186 1130 1239 1217; baseline 0.004 -24"><span class='ocrx_word' id='word_1_20' title='bbox 186 1132 282 1196; x_wconf 86' lang='lat' dir='ltr'>tore!</span> <span class='ocrx_word' id='word_1_21' title='bbox 318 1130 523 1198; x_wconf 77' lang='lat' dir='ltr'>AElielrodus</span> <span class='ocrx_word' id='word_1_22' title='bbox 550 1134 666 1216; x_wconf 81' lang='lat' dir='ltr'>gratia</span> <span class='ocrx_word' id='word_1_23' title='bbox 684 1134 739 1199; x_wconf 89' lang='lat' dir='ltr'>dei</span> <span class='ocrx_word' id='word_1_24' title='bbox 756 1135 900 1217; x_wconf 91' lang='lat' dir='ltr'>eiusque</span> <span class='ocrx_word' id='word_1_25' title='bbox 920 1135 1155 1199; x_wconf 82' lang='lat' dir='ltr'>misericordia</span> <span class='ocrx_word' id='word_1_26' title='bbox 1177 1154 1239 1197; x_wconf 85' lang='lat' dir='ltr'>rex</span> 
     </span>
     <span class='ocr_line' id='line_1_7' title="bbox 185 1232 1239 1315; baseline 0.003 -23"><span class='ocrx_word' id='word_1_27' title='bbox 185 1236 221 1292; x_wconf 87' lang='lat' dir='ltr'>et</span> <span class='ocrx_word' id='word_1_28' title='bbox 241 1238 356 1296; x_wconf 85' lang='lat' dir='ltr'>rector</span> <span class='ocrx_word' id='word_1_29' title='bbox 371 1234 470 1314; x_wconf 78' lang='lat' dir='ltr'>regni</span> <span class='ocrx_word' id='word_1_30' title='bbox 486 1232 692 1315; x_wconf 77' lang='lat' dir='ltr'>Anglorum,</span> <span class='ocrx_word' id='word_1_31' title='bbox 719 1242 754 1298; x_wconf 87' lang='lat' dir='ltr'>et</span> <span class='ocrx_word' id='word_1_32' title='bbox 775 1234 921 1298; x_wconf 86' lang='lat' dir='ltr'>deuotus</span> <span class='ocrx_word' id='word_1_33' title='bbox 946 1241 1088 1299; x_wconf 87' lang='lat' dir='ltr'>sanctae</span> <span class='ocrx_word' id='word_1_34' title='bbox 1111 1233 1239 1297; x_wconf 88' lang='lat' dir='ltr'>aeccle-</span> 
     </span>
     <span class='ocr_line' id='line_1_8' title="bbox 184 1328 1239 1417; baseline 0.004 -25"><span class='ocrx_word' id='word_1_35' title='bbox 184 1328 433 1397; x_wconf 81' lang='lat' dir='ltr'>siae-defensor</span> <span class='ocrx_word' id='word_1_36' title='bbox 446 1332 654 1417; x_wconf 89' lang='lat' dir='ltr'>humilisque</span> <span class='ocrx_word' id='word_1_37' title='bbox 669 1333 818 1410; x_wconf 91' lang='lat' dir='ltr'>adiutor,</span> <span class='ocrx_word' id='word_1_38' title='bbox 832 1334 990 1397; x_wconf 91' lang='lat' dir='ltr'>omnibus</span> <span class='ocrx_word' id='word_1_39' title='bbox 1008 1333 1239 1398; x_wconf 86' lang='lat' dir='ltr'>aecclesiasti-</span> 
     </span>
     <span class='ocr_line' id='line_1_9' title="bbox 184 1429 1237 1527; baseline 0.003 -35"><span class='ocrx_word' id='word_1_40' title='bbox 184 1447 246 1492; x_wconf 82' lang='lat' dir='ltr'>cae</span> <span class='ocrx_word' id='word_1_41' title='bbox 256 1429 401 1512; x_wconf 81' lang='lat' dir='ltr'>pictatis</span> <span class='ocrx_word' id='word_1_42' title='bbox 414 1432 604 1511; x_wconf 88' lang='lat' dir='ltr'>ordinibus,</span> <span class='ocrx_word' id='word_1_43' title='bbox 618 1453 680 1498; x_wconf 86' lang='lat' dir='ltr'>seu</span> <span class='ocrx_word' id='word_1_44' title='bbox 696 1433 883 1497; x_wconf 87' lang='lat' dir='ltr'>saecularis</span> <span class='ocrx_word' id='word_1_45' title='bbox 897 1433 1074 1527; x_wconf 80' lang='lat' dir='ltr'>pqtentiae</span> <span class='ocrx_word' id='word_1_46' title='bbox 1088 1432 1237 1514; x_wconf 86' lang='lat' dir='ltr'>dignita·</span> 
     </span>
     <span class='ocr_line' id='line_1_10' title="bbox 183 1528 1234 1616; baseline 0.001 -24"><span class='ocrx_word' id='word_1_47' title='bbox 183 1528 289 1607; x_wconf 89' lang='lat' dir='ltr'>tibus,</span> <span class='ocrx_word' id='word_1_48' title='bbox 304 1531 343 1594; x_wconf 93' lang='lat' dir='ltr'>in</span> <span class='ocrx_word' id='word_1_49' title='bbox 358 1531 499 1597; x_wconf 83' lang='lat' dir='ltr'>Christo</span> <span class='ocrx_word' id='word_1_50' title='bbox 515 1532 655 1598; x_wconf 91' lang='lat' dir='ltr'>domino</span> <span class='ocrx_word' id='word_1_51' title='bbox 671 1534 767 1616; x_wconf 80' lang='lat' dir='ltr'>pacis</span> <span class='ocrx_word' id='word_1_52' title='bbox 784 1540 821 1597; x_wconf 95' lang='lat' dir='ltr'>et</span> <span class='ocrx_word' id='word_1_53' title='bbox 835 1532 1058 1597; x_wconf 89' lang='lat' dir='ltr'>beatitudinis</span> <span class='ocrx_word' id='word_1_54' title='bbox 1072 1532 1234 1614; x_wconf 87' lang='lat' dir='ltr'>praemia.</span> 
     </span>
     <span class='ocr_line' id='line_1_11' title="bbox 185 1625 1237 1716; baseline 0.002 -24"><span class='ocrx_word' id='word_1_55' title='bbox 185 1625 418 1696; x_wconf 78' lang='lat' dir='ltr'>considerans</span> <span class='ocrx_word' id='word_1_56' title='bbox 442 1632 588 1716; x_wconf 83' lang='lat' dir='ltr'>pacifico</span> <span class='ocrx_word' id='word_1_57' title='bbox 614 1633 693 1716; x_wconf 87' lang='lat' dir='ltr'>piae</span> <span class='ocrx_word' id='word_1_58' title='bbox 720 1632 844 1696; x_wconf 89' lang='lat' dir='ltr'>mentis</span> <span class='ocrx_word' id='word_1_59' title='bbox 871 1633 1012 1707; x_wconf 87' lang='lat' dir='ltr'>intuitu,</span> <span class='ocrx_word' id='word_1_60' title='bbox 1043 1652 1121 1695; x_wconf 90' lang='lat' dir='ltr'>cunr</span> <span class='ocrx_word' id='word_1_61' title='bbox 1145 1632 1237 1695; x_wconf 93' lang='lat' dir='ltr'>bona</span> 
     </span>
     <span class='ocr_line' id='line_1_12' title="bbox 184 1727 1235 1808; baseline 0.002 -18"><span class='ocrx_word' id='word_1_62' title='bbox 184 1727 377 1808; x_wconf 82' lang='lat' dir='ltr'>uoluntate,</span> <span class='ocrx_word' id='word_1_63' title='bbox 404 1749 476 1796; x_wconf 90' lang='lat' dir='ltr'>una</span> <span class='ocrx_word' id='word_1_64' title='bbox 504 1751 583 1796; x_wconf 92' lang='lat' dir='ltr'>cum</span> <span class='ocrx_word' id='word_1_65' title='bbox 614 1731 669 1795; x_wconf 88' lang='lat' dir='ltr'>dci</span> <span class='ocrx_word' id='word_1_66' title='bbox 699 1731 937 1796; x_wconf 88' lang='lat' dir='ltr'>sacerdotibus</span> <span class='ocrx_word' id='word_1_67' title='bbox 964 1738 1000 1795; x_wconf 88' lang='lat' dir='ltr'>et</span> <span class='ocrx_word' id='word_1_68' title='bbox 1031 1730 1235 1794; x_wconf 89' lang='lat' dir='ltr'>consiliariis</span> 
     </span>
     <span class='ocr_line' id='line_1_13' title="bbox 183 1829 1236 1915; baseline 0.002 -25"><span class='ocrx_word' id='word_1_69' title='bbox 183 1829 324 1907; x_wconf 86' lang='lat' dir='ltr'>nostris,</span> <span class='ocrx_word' id='word_1_70' title='bbox 348 1829 435 1895; x_wconf 89' lang='lat' dir='ltr'>iram</span> <span class='ocrx_word' id='word_1_71' title='bbox 459 1831 539 1915; x_wconf 92' lang='lat' dir='ltr'>plus</span> <span class='ocrx_word' id='word_1_72' title='bbox 564 1831 669 1896; x_wconf 91' lang='lat' dir='ltr'>solito</span> <span class='ocrx_word' id='word_1_73' title='bbox 696 1831 884 1896; x_wconf 89' lang='lat' dir='ltr'>saeuientis</span> <span class='ocrx_word' id='word_1_74' title='bbox 912 1830 967 1896; x_wconf 87' lang='lat' dir='ltr'>dei</span> <span class='ocrx_word' id='word_1_75' title='bbox 994 1831 1030 1894; x_wconf 93' lang='lat' dir='ltr'>in</span> <span class='ocrx_word' id='word_1_76' title='bbox 1056 1849 1132 1904; x_wconf 88' lang='lat' dir='ltr'>nos,</span> <span class='ocrx_word' id='word_1_77' title='bbox 1158 1849 1236 1895; x_wconf 88' lang='lat' dir='ltr'>enm</span> 
     </span>
     <span class='ocr_line' id='line_1_14' title="bbox 183 1925 1236 2013; baseline 0.003 -24"><span class='ocrx_word' id='word_1_78' title='bbox 183 1925 323 2008; x_wconf 87' lang='lat' dir='ltr'>placare</span> <span class='ocrx_word' id='word_1_79' title='bbox 351 1949 430 1994; x_wconf 90' lang='lat' dir='ltr'>cum</span> <span class='ocrx_word' id='word_1_80' title='bbox 461 1931 625 1995; x_wconf 90' lang='lat' dir='ltr'>continua</span> <span class='ocrx_word' id='word_1_81' title='bbox 656 1932 824 1995; x_wconf 88' lang='lat' dir='ltr'>bonorum</span> <span class='ocrx_word' id='word_1_82' title='bbox 857 1949 1000 2013; x_wconf 88' lang='lat' dir='ltr'>opernm</span> <span class='ocrx_word' id='word_1_83' title='bbox 1025 1930 1236 1994; x_wconf 82' lang='lat' dir='ltr'>exhibitione</span> 
     </span>
     <span class='ocr_line' id='line_1_15' title="bbox 183 2028 1236 2112; baseline 0.002 -22"><span class='ocrx_word' id='word_1_84' title='bbox 183 2033 218 2090; x_wconf 88' lang='lat' dir='ltr'>et</span> <span class='ocrx_word' id='word_1_85' title='bbox 238 2028 286 2092; x_wconf 90' lang='lat' dir='ltr'>ab</span> <span class='ocrx_word' id='word_1_86' title='bbox 301 2028 376 2093; x_wconf 87' lang='lat' dir='ltr'>eius</span> <span class='ocrx_word' id='word_1_87' title='bbox 399 2029 560 2095; x_wconf 83' lang='lat' dir='ltr'>laudibus</span> <span class='ocrx_word' id='word_1_88' title='bbox 586 2049 762 2112; x_wconf 90' lang='lat' dir='ltr'>nunquam</span> <span class='ocrx_word' id='word_1_89' title='bbox 787 2030 952 2095; x_wconf 87' lang='lat' dir='ltr'>desistere</span> <span class='ocrx_word' id='word_1_90' title='bbox 979 2029 1127 2094; x_wconf 85' lang='lat' dir='ltr'>decroni.</span> <span class='ocrx_word' id='word_1_91' title='bbox 1190 2029 1236 2092; x_wconf 87' lang='lat' dir='ltr'>Et</span> 
     </span>
     <span class='ocr_line' id='line_1_16' title="bbox 184 2127 1235 2214; baseline 0.001 -23"><span class='ocrx_word' id='word_1_92' title='bbox 184 2127 266 2208; x_wconf 78' lang='lat' dir='ltr'>quia</span> <span class='ocrx_word' id='word_1_93' title='bbox 292 2127 330 2191; x_wconf 92' lang='lat' dir='ltr'>in</span> <span class='ocrx_word' id='word_1_94' title='bbox 354 2129 483 2194; x_wconf 84' lang='lat' dir='ltr'>nostris</span> <span class='ocrx_word' id='word_1_95' title='bbox 510 2130 723 2214; x_wconf 88' lang='lat' dir='ltr'>temporibus</span> <span class='ocrx_word' id='word_1_96' title='bbox 748 2130 916 2194; x_wconf 87' lang='lat' dir='ltr'>bellorum</span> <span class='ocrx_word' id='word_1_97' title='bbox 941 2128 1097 2193; x_wconf 93' lang='lat' dir='ltr'>incendia</span> <span class='ocrx_word' id='word_1_98' title='bbox 1124 2129 1235 2211; x_wconf 88' lang='lat' dir='ltr'>direp-</span> 
     </span>
     <span class='ocr_line' id='line_1_17' title="bbox 182 2225 1235 2313; baseline 0.003 -24"><span class='ocrx_word' id='word_1_99' title='bbox 182 2225 364 2310; x_wconf 85' lang='lat' dir='ltr'>tionesque</span> <span class='ocrx_word' id='word_1_100' title='bbox 378 2247 483 2312; x_wconf 91' lang='lat' dir='ltr'>0pum</span> <span class='ocrx_word' id='word_1_101' title='bbox 500 2237 696 2295; x_wconf 87' lang='lat' dir='ltr'>nostrarum</span> <span class='ocrx_word' id='word_1_102' title='bbox 714 2231 877 2313; x_wconf 88' lang='lat' dir='ltr'>patimur,</span> <span class='ocrx_word' id='word_1_103' title='bbox 890 2248 1023 2293; x_wconf 89' lang='lat' dir='ltr'>necnon</span> <span class='ocrx_word' id='word_1_104' title='bbox 1038 2249 1082 2292; x_wconf 85' lang='lat' dir='ltr'>ex</span> <span class='ocrx_word' id='word_1_105' title='bbox 1093 2237 1235 2292; x_wconf 89' lang='lat' dir='ltr'>uastan-</span> 
     </span>
     <span class='ocr_line' id='line_1_18' title="bbox 182 2324 1234 2413; baseline 0.001 -24"><span class='ocrx_word' id='word_1_106' title='bbox 182 2324 269 2391; x_wconf 90' lang='lat' dir='ltr'>tium</span> <span class='ocrx_word' id='word_1_107' title='bbox 292 2328 530 2394; x_wconf 87' lang='lat' dir='ltr'>crudelissima</span> <span class='ocrx_word' id='word_1_108' title='bbox 544 2329 813 2413; x_wconf 84' lang='lat' dir='ltr'>depraedatione</span> <span class='ocrx_word' id='word_1_109' title='bbox 831 2328 982 2394; x_wconf 89' lang='lat' dir='ltr'>bostium</span> <span class='ocrx_word' id='word_1_110' title='bbox 998 2329 1234 2405; x_wconf 86' lang='lat' dir='ltr'>barbarorum,</span> 
     </span>
     <span class='ocr_line' id='line_1_19' title="bbox 182 2427 1234 2512; baseline 0.001 -20"><span class='ocrx_word' id='word_1_111' title='bbox 182 2431 468 2512; x_wconf 79' lang='lat' dir='ltr'>paganarumque</span> <span class='ocrx_word' id='word_1_112' title='bbox 492 2430 647 2511; x_wconf 85' lang='lat' dir='ltr'>gentium</span> <span class='ocrx_word' id='word_1_113' title='bbox 676 2429 859 2512; x_wconf 88' lang='lat' dir='ltr'>multiplici</span> <span class='ocrx_word' id='word_1_114' title='bbox 889 2427 1123 2505; x_wconf 86' lang='lat' dir='ltr'>tribulatione,</span> <span class='ocrx_word' id='word_1_115' title='bbox 1148 2427 1234 2493; x_wconf 90' lang='lat' dir='ltr'>affli-</span> 
     </span>
     <span class='ocr_line' id='line_1_20' title="bbox 183 2527 1236 2612; baseline 0.003 -22"><span class='ocrx_word' id='word_1_116' title='bbox 183 2527 406 2610; x_wconf 84' lang='lat' dir='ltr'>gentiumque</span> <span class='ocrx_word' id='word_1_117' title='bbox 447 2548 510 2592; x_wconf 90' lang='lat' dir='ltr'>nos</span> <span class='ocrx_word' id='word_1_118' title='bbox 547 2548 657 2612; x_wconf 89' lang='lat' dir='ltr'>usque</span> <span class='ocrx_word' id='word_1_119' title='bbox 690 2530 736 2594; x_wconf 90' lang='lat' dir='ltr'>ad</span> <span class='ocrx_word' id='word_1_120' title='bbox 774 2528 1041 2593; x_wconf 85' lang='lat' dir='ltr'>internecionem</span> <span class='ocrx_word' id='word_1_121' title='bbox 1080 2537 1236 2611; x_wconf 86' lang='lat' dir='ltr'>tempora</span> 
     </span>
     <span class='ocr_line' id='line_1_21' title="bbox 182 2626 1235 2712; baseline 0.001 -22"><span class='ocrx_word' id='word_1_122' title='bbox 182 2626 355 2692; x_wconf 85' lang='lat' dir='ltr'>cernirnns</span> <span class='ocrx_word' id='word_1_123' title='bbox 377 2627 576 2693; x_wconf 86' lang='lat' dir='ltr'>incumbere</span> <span class='ocrx_word' id='word_1_124' title='bbox 603 2628 818 2712; x_wconf 78' lang='lat' dir='ltr'>periculosa3</span> <span class='ocrx_word' id='word_1_125' title='bbox 843 2628 943 2693; x_wconf 90' lang='lat' dir='ltr'>nobis</span> <span class='ocrx_word' id='word_1_126' title='bbox 958 2634 969 2662; x_wconf 86' lang='lat'>‘</span> <span class='ocrx_word' id='word_1_127' title='bbox 984 2627 1027 2691; x_wconf 93' lang='lat' dir='ltr'>In</span> <span class='ocrx_word' id='word_1_128' title='bbox 1044 2647 1131 2711; x_wconf 93' lang='lat' dir='ltr'>qnos</span> <span class='ocrx_word' id='word_1_129' title='bbox 1149 2628 1235 2693; x_wconf 87' lang='lat' dir='ltr'>fines</span> 
     </span>
     <span class='ocr_line' id='line_1_22' title="bbox 183 2727 1235 2805; baseline 0.002 -15"><span class='ocrx_word' id='word_1_130' title='bbox 183 2727 399 2791; x_wconf 84' lang='lat' dir='ltr'>saeculorum</span> <span class='ocrx_word' id='word_1_131' title='bbox 423 2728 659 2805; x_wconf 88' lang='lat' dir='ltr'>denenerunt,&#39;</span> <span class='ocrx_word' id='word_1_132' title='bbox 682 2729 823 2792; x_wconf 92' lang='lat' dir='ltr'>nimium</span> <span class='ocrx_word' id='word_1_133' title='bbox 853 2728 1016 2793; x_wconf 89' lang='lat' dir='ltr'>conuenit</span> <span class='ocrx_word' id='word_1_134' title='bbox 1032 2727 1075 2792; x_wconf 90' lang='lat' dir='ltr'>de</span> <span class='ocrx_word' id='word_1_135' title='bbox 1099 2735 1235 2792; x_wconf 87' lang='lat' dir='ltr'>nostra-</span> 
     </span>
     <span class='ocr_line' id='line_1_23' title="bbox 183 2827 1236 2910; baseline 0.001 -20"><span class='ocrx_word' id='word_1_136' title='bbox 183 2845 259 2890; x_wconf 90' lang='lat' dir='ltr'>rum</span> <span class='ocrx_word' id='word_1_137' title='bbox 283 2827 492 2893; x_wconf 81' lang='lat' dir='ltr'>utilitatibus</span> <span class='ocrx_word' id='word_1_138' title='bbox 519 2829 711 2892; x_wconf 88' lang='lat' dir='ltr'>animarum</span> <span class='ocrx_word' id='word_1_139' title='bbox 733 2848 818 2893; x_wconf 88' lang='lat' dir='ltr'>cura</span> <span class='ocrx_word' id='word_1_140' title='bbox 838 2828 996 2910; x_wconf 85' lang='lat' dir='ltr'>diligenti</span> <span class='ocrx_word' id='word_1_141' title='bbox 1014 2828 1236 2910; x_wconf 88' lang='lat' dir='ltr'>perscrutari,</span> 
     </span>
     <span class='ocr_line' id='line_1_24' title="bbox 183 2926 1235 3011; baseline -0.001 -22"><span class='ocrx_word' id='word_1_142' title='bbox 183 2926 334 3009; x_wconf 82' lang='lat' dir='ltr'>qualiter</span> <span class='ocrx_word' id='word_1_143' title='bbox 350 2928 544 3011; x_wconf 89' lang='lat' dir='ltr'>quibusque</span> <span class='ocrx_word' id='word_1_144' title='bbox 569 2929 700 2992; x_wconf 85' lang='lat' dir='ltr'>meritis</span> <span class='ocrx_word' id='word_1_145' title='bbox 715 2928 751 2993; x_wconf 93' lang='lat' dir='ltr'>in</span> <span class='ocrx_word' id='word_1_146' title='bbox 768 2927 906 2993; x_wconf 90' lang='lat' dir='ltr'>saeculo</span> <span class='ocrx_word' id='word_1_147' title='bbox 923 2928 992 2991; x_wconf 91' lang='lat' dir='ltr'>iam</span> <span class='ocrx_word' id='word_1_148' title='bbox 1015 2927 1131 2990; x_wconf 89' lang='lat' dir='ltr'>futuro</span> <span class='ocrx_word' id='word_1_149' title='bbox 1156 2946 1235 2990; x_wconf 89' lang='lat' dir='ltr'>curn</span> 
     </span>
     <span class='ocr_line' id='line_1_25' title="bbox 184 3020 1235 3106; baseline 0 -17"><span class='ocrx_word' id='word_1_150' title='bbox 184 3033 326 3091; x_wconf 85' lang='lat' dir='ltr'>auctore</span> <span class='ocrx_word' id='word_1_151' title='bbox 335 3029 487 3092; x_wconf 91' lang='lat' dir='ltr'>omnium</span> <span class='ocrx_word' id='word_1_152' title='bbox 493 3027 634 3094; x_wconf 80' lang='lat' dir='ltr'>Christo</span> <span class='ocrx_word' id='word_1_153' title='bbox 645 3029 717 3092; x_wconf 89' lang='lat' dir='ltr'>sint</span> <span class='ocrx_word' id='word_1_154' title='bbox 726 3028 910 3105; x_wconf 89' lang='lat' dir='ltr'>uicturae,‘</span> <span class='ocrx_word' id='word_1_155' title='bbox 918 3025 1012 3106; x_wconf 86' lang='lat' dir='ltr'>Quia</span> <span class='ocrx_word' id='word_1_156' title='bbox 1025 3046 1094 3090; x_wconf 90' lang='lat' dir='ltr'>non</span> <span class='ocrx_word' id='word_1_157' title='bbox 1107 3020 1235 3102; x_wconf 90' lang='lat' dir='ltr'>ullam,&#39;</span> 
     </span>
     <span class='ocr_line' id='line_1_26' title="bbox 183 3126 1234 3210; baseline -0.002 -20"><span class='ocrx_word' id='word_1_158' title='bbox 183 3134 223 3190; x_wconf 87' lang='lat' dir='ltr'>ut</span> <span class='ocrx_word' id='word_1_159' title='bbox 241 3128 421 3210; x_wconf 83' lang='lat' dir='ltr'>apostolus</span> <span class='ocrx_word' id='word_1_160' title='bbox 438 3129 497 3204; x_wconf 88' lang='lat' dir='ltr'>ait,</span> <span class='ocrx_word' id='word_1_161' title='bbox 523 3129 597 3192; x_wconf 90' lang='lat' dir='ltr'>‘hic</span> <span class='ocrx_word' id='word_1_162' title='bbox 621 3129 786 3192; x_wconf 90' lang='lat' dir='ltr'>habemus</span> <span class='ocrx_word' id='word_1_163' title='bbox 813 3128 1038 3203; x_wconf 90' lang='lat' dir='ltr'>mansionem,</span> <span class='ocrx_word' id='word_1_164' title='bbox 1061 3126 1122 3189; x_wconf 89' lang='lat' dir='ltr'>sed</span> <span class='ocrx_word' id='word_1_165' title='bbox 1139 3126 1234 3189; x_wconf 88' lang='lat' dir='ltr'>futu—</span> 
     </span>
     <span class='ocr_line' id='line_1_27' title="bbox 184 3227 1235 3310; baseline -0.002 -19"><span class='ocrx_word' id='word_1_166' title='bbox 184 3245 258 3290; x_wconf 90' lang='lat' dir='ltr'>ram</span> <span class='ocrx_word' id='word_1_167' title='bbox 274 3229 481 3308; x_wconf 89' lang='lat' dir='ltr'>inquirimus</span> <span class='ocrx_word' id='word_1_168' title='bbox 492 3229 513 3307; x_wconf 87' lang='lat'>;&#39;</span> <span class='ocrx_word' id='word_1_169' title='bbox 531 3235 567 3294; x_wconf 87' lang='lat' dir='ltr'>et</span> <span class='ocrx_word' id='word_1_170' title='bbox 581 3228 659 3292; x_wconf 89' lang='lat' dir='ltr'>ideo</span> <span class='ocrx_word' id='word_1_171' title='bbox 673 3247 802 3310; x_wconf 86' lang='lat' dir='ltr'>magna</span> <span class='ocrx_word' id='word_1_172' title='bbox 820 3228 919 3292; x_wconf 91' lang='lat' dir='ltr'>nobis</span> <span class='ocrx_word' id='word_1_173' title='bbox 934 3227 1102 3290; x_wconf 87' lang='lat' dir='ltr'>incumbit</span> <span class='ocrx_word' id='word_1_174' title='bbox 1117 3245 1235 3289; x_wconf 89' lang='lat' dir='ltr'>neces-</span> 
     </span>
     <span class='ocr_line' id='line_1_28' title="bbox 183 3326 1238 3408; baseline -0.002 -17"><span class='ocrx_word' id='word_1_175' title='bbox 183 3327 270 3391; x_wconf 83' lang='lat' dir='ltr'>sitas</span> <span class='ocrx_word' id='word_1_176' title='bbox 288 3347 366 3392; x_wconf 90' lang='lat' dir='ltr'>cnm</span> <span class='ocrx_word' id='word_1_177' title='bbox 382 3330 527 3393; x_wconf 89' lang='lat' dir='ltr'>terrenis</span> <span class='ocrx_word' id='word_1_178' title='bbox 548 3329 680 3393; x_wconf 90' lang='lat' dir='ltr'>diuitiis</span> <span class='ocrx_word' id='word_1_179' title='bbox 696 3328 848 3393; x_wconf 79' lang='lat' dir='ltr'>futuram</span> <span class='ocrx_word' id='word_1_180' title='bbox 866 3328 948 3392; x_wconf 88' lang='lat' dir='ltr'>totis</span> <span class='ocrx_word' id='word_1_181' title='bbox 963 3326 1139 3408; x_wconf 90' lang='lat' dir='ltr'>inquirere</span> <span class='ocrx_word' id='word_1_182' title='bbox 1155 3326 1238 3389; x_wconf 88' lang='lat' dir='ltr'>uiri·</span> 
     </span>
     <span class='ocr_line' id='line_1_29' title="bbox 183 3427 1236 3511; baseline -0.003 -19"><span class='ocrx_word' id='word_1_183' title='bbox 183 3429 260 3492; x_wconf 87' lang='lat' dir='ltr'>bus.</span> <span class='ocrx_word' id='word_1_184' title='bbox 307 3427 458 3493; x_wconf 87' lang='lat' dir='ltr'>Nostrae</span> <span class='ocrx_word' id='word_1_185' title='bbox 481 3428 649 3511; x_wconf 88' lang='lat' dir='ltr'>siqnidem</span> <span class='ocrx_word' id='word_1_186' title='bbox 666 3428 809 3492; x_wconf 90' lang='lat' dir='ltr'>diuitiae</span> <span class='ocrx_word' id='word_1_187' title='bbox 824 3428 891 3492; x_wconf 87' lang='lat' dir='ltr'>nisi</span> <span class='ocrx_word' id='word_1_188' title='bbox 907 3427 1179 3491; x_wconf 87' lang='lat' dir='ltr'>communicatae</span> <span class='ocrx_word' id='word_1_189' title='bbox 1201 3427 1236 3489; x_wconf 91' lang='lat' dir='ltr'>in</span> 
     </span>
     <span class='ocr_line' id='line_1_30' title="bbox 184 3526 1237 3612; baseline 0 -22"><span class='ocrx_word' id='word_1_190' title='bbox 184 3527 301 3612; x_wconf 85' lang='lat' dir='ltr'>plures</span> <span class='ocrx_word' id='word_1_191' title='bbox 329 3527 428 3592; x_wconf 93' lang='lat' dir='ltr'>nobis</span> <span class='ocrx_word' id='word_1_192' title='bbox 466 3529 630 3611; x_wconf 87' lang='lat' dir='ltr'>prodesse</span> <span class='ocrx_word' id='word_1_193' title='bbox 665 3547 883 3611; x_wconf 91' lang='lat' dir='ltr'>nequaquam</span> <span class='ocrx_word' id='word_1_194' title='bbox 913 3533 1082 3610; x_wconf 83' lang='lat' dir='ltr'>possunt3</span> <span class='ocrx_word' id='word_1_195' title='bbox 1121 3526 1237 3590; x_wconf 91' lang='lat' dir='ltr'>nullus</span> 
     </span>
     <span class='ocr_line' id='line_1_31' title="bbox 185 3628 1237 3711; baseline -0.003 -19"><span class='ocrx_word' id='word_1_196' title='bbox 185 3628 276 3692; x_wconf 90' lang='lat' dir='ltr'>enim</span> <span class='ocrx_word' id='word_1_197' title='bbox 300 3634 373 3692; x_wconf 88' lang='lat' dir='ltr'>tarn</span> <span class='ocrx_word' id='word_1_198' title='bbox 397 3629 609 3711; x_wconf 88' lang='lat' dir='ltr'>compositae</span> <span class='ocrx_word' id='word_1_199' title='bbox 631 3629 828 3693; x_wconf 84' lang='lat' dir='ltr'>foelicitatis</span> <span class='ocrx_word' id='word_1_200' title='bbox 858 3633 1006 3702; x_wconf 91' lang='lat' dir='ltr'>constat,</span> <span class='ocrx_word' id='word_1_201' title='bbox 1034 3632 1074 3690; x_wconf 93' lang='lat' dir='ltr'>ut</span> <span class='ocrx_word' id='word_1_202' title='bbox 1102 3645 1170 3689; x_wconf 92' lang='lat' dir='ltr'>non</span> <span class='ocrx_word' id='word_1_203' title='bbox 1194 3646 1237 3689; x_wconf 89' lang='lat' dir='ltr'>ea</span> 
     </span>
     <span class='ocr_line' id='line_1_32' title="bbox 184 3726 1237 3812; baseline -0.003 -19"><span class='ocrx_word' id='word_1_204' title='bbox 184 3746 273 3812; x_wconf 85' lang='lat' dir='ltr'>quae</span> <span class='ocrx_word' id='word_1_205' title='bbox 297 3728 453 3811; x_wconf 91' lang='lat' dir='ltr'>possidet</span> <span class='ocrx_word' id='word_1_206' title='bbox 475 3729 532 3793; x_wconf 88' lang='lat' dir='ltr'>nel</span> <span class='ocrx_word' id='word_1_207' title='bbox 548 3736 671 3812; x_wconf 88' lang='lat' dir='ltr'>sponte</span> <span class='ocrx_word' id='word_1_208' title='bbox 689 3728 763 3792; x_wconf 88' lang='lat' dir='ltr'>siue</span> <span class='ocrx_word' id='word_1_209' title='bbox 786 3727 906 3791; x_wconf 89' lang='lat' dir='ltr'>nolens</span> <span class='ocrx_word' id='word_1_210' title='bbox 923 3726 1083 3805; x_wconf 88' lang='lat' dir='ltr'>amittat;</span> <span class='ocrx_word' id='word_1_211' title='bbox 1107 3733 1142 3789; x_wconf 89' lang='lat' dir='ltr'>et</span> <span class='ocrx_word' id='word_1_212' title='bbox 1158 3726 1237 3790; x_wconf 93' lang='lat' dir='ltr'>ideo</span> 
     </span>
     <span class='ocr_line' id='line_1_33' title="bbox 184 3825 1236 3893; baseline -0.003 -1"><span class='ocrx_word' id='word_1_213' title='bbox 184 3828 303 3892; x_wconf 89' lang='lat' dir='ltr'>multis</span> <span class='ocrx_word' id='word_1_214' title='bbox 338 3828 510 3893; x_wconf 86' lang='lat' dir='ltr'>humanae</span> <span class='ocrx_word' id='word_1_215' title='bbox 547 3828 745 3893; x_wconf 82' lang='lat' dir='ltr'>foelicitatis</span> <span class='ocrx_word' id='word_1_216' title='bbox 775 3827 919 3891; x_wconf 86' lang='lat' dir='ltr'>dulcedo</span> <span class='ocrx_word' id='word_1_217' title='bbox 952 3825 1236 3890; x_wconf 90' lang='lat' dir='ltr'>amaritudinibus</span> 
     </span>
     <span class='ocr_line' id='line_1_34' title="bbox 184 3926 1236 4012; baseline -0.003 -20"><span class='ocrx_word' id='word_1_218' title='bbox 184 3947 344 4012; x_wconf 87' lang='lat' dir='ltr'>respersa</span> <span class='ocrx_word' id='word_1_219' title='bbox 359 3936 424 4006; x_wconf 91' lang='lat' dir='ltr'>est,</span> <span class='ocrx_word' id='word_1_220' title='bbox 440 3948 530 4012; x_wconf 92' lang='lat' dir='ltr'>quae</span> <span class='ocrx_word' id='word_1_221' title='bbox 547 3930 613 3992; x_wconf 87' lang='lat' dir='ltr'>etsi</span> <span class='ocrx_word' id='word_1_222' title='bbox 627 3928 670 3993; x_wconf 86' lang='lat' dir='ltr'>ad</span> <span class='ocrx_word' id='word_1_223' title='bbox 688 3936 824 4009; x_wconf 90' lang='lat' dir='ltr'>tempus</span> <span class='ocrx_word' id='word_1_224' title='bbox 846 3927 973 3991; x_wconf 80' lang='lat' dir='ltr'>fruenti</span> <span class='ocrx_word' id='word_1_225' title='bbox 995 3926 1143 3990; x_wconf 90' lang='lat' dir='ltr'>iocunda</span> <span class='ocrx_word' id='word_1_226' title='bbox 1160 3945 1236 3989; x_wconf 88' lang='lat' dir='ltr'>csse</span> 
     </span>
     <span class='ocr_line' id='line_1_35' title="bbox 185 4025 1234 4108; baseline -0.004 -14"><span class='ocrx_word' id='word_1_227' title='bbox 185 4030 354 4104; x_wconf 86' lang='lat' dir='ltr'>uideatur,</span> <span class='ocrx_word' id='word_1_228' title='bbox 373 4028 476 4093; x_wconf 86' lang='lat' dir='ltr'>finem</span> <span class='ocrx_word' id='word_1_229' title='bbox 493 4036 608 4092; x_wconf 89' lang='lat' dir='ltr'>tamen</span> <span class='ocrx_word' id='word_1_230' title='bbox 624 4027 862 4093; x_wconf 89' lang='lat' dir='ltr'>amaritudinis</span> <span class='ocrx_word' id='word_1_231' title='bbox 879 4045 1013 4108; x_wconf 90' lang='lat' dir='ltr'>semper</span> <span class='ocrx_word' id='word_1_232' title='bbox 1028 4025 1234 4090; x_wconf 90' lang='lat' dir='ltr'>introducet.</span> 
     </span>
    </p>
   </div>
   <div class='ocr_carea' id='block_1_4' title="bbox 187 4128 1236 4286">
    <p class='ocr_par' dir='ltr' id='par_1_4' title="bbox 187 4128 1236 4286">
     <span class='ocr_line' id='line_1_36' title="bbox 187 4128 1236 4212; baseline -0.007 -17"><span class='ocrx_word' id='word_1_233' title='bbox 187 4131 266 4195; x_wconf 89' lang='lat' dir='ltr'>Duo</span> <span class='ocrx_word' id='word_1_234' title='bbox 294 4129 423 4212; x_wconf 88' lang='lat' dir='ltr'>quippe</span> <span class='ocrx_word' id='word_1_235' title='bbox 448 4137 531 4194; x_wconf 93' lang='lat' dir='ltr'>sunt</span> <span class='ocrx_word' id='word_1_236' title='bbox 557 4130 681 4211; x_wconf 90' lang='lat' dir='ltr'>quibus</span> <span class='ocrx_word' id='word_1_237' title='bbox 708 4129 819 4193; x_wconf 92' lang='lat' dir='ltr'>omnis</span> <span class='ocrx_word' id='word_1_238' title='bbox 845 4128 1070 4191; x_wconf 89' lang='lat' dir='ltr'>bumanorum</span> <span class='ocrx_word' id='word_1_239' title='bbox 1097 4133 1236 4190; x_wconf 89' lang='lat' dir='ltr'>actuum</span> 
     </span>
     <span class='ocr_line' id='line_1_37' title="bbox 1075 4242 1122 4286; baseline 0.021 -1"><span class='ocrx_word' id='word_1_240' title='bbox 1075 4250 1089 4285; x_wconf 87' lang='lat' dir='ltr'>z</span> <span class='ocrx_word' id='word_1_241' title='bbox 1107 4242 1122 4286; x_wconf 84' lang='lat'><em>2</em></span> 
     </span>
    </p>
   </div>
   <div class='ocr_carea' id='block_1_5' title="bbox 0 0 1434 4890">
    <p class='ocr_par' dir='ltr' id='par_1_5' title="bbox 0 0 1434 4890">
     <span class='ocr_line' id='line_1_38' title="bbox 0 0 1434 4890; baseline 0 0"><span class='ocrx_word' id='word_1_242' title='bbox 0 0 1434 4890; x_wconf 95' lang='lat' dir='ltr'> </span> 
     </span>
    </p>
   </div>
  </div>
 </body>
</html>
