2858 4890
608 370 808 418 nnnnnnlx.
1169 354 1235 418 383

182 546 297 608 egr0s3
317 528 361 590 be
376 515 498 591 efistnn
514 526 544 588 is
556 525 721 592 Clifwnra
738 516 905 609 gem'fnrffi
930 528 998 592 and
1014 529 1057 591 be
1074 519 1189 592 ssitsan
1206 531 1235 592 is

183 626 329 708 Gulinga
361 615 534 709 gemffire3
560 626 626 691 and
650 629 693 691 be
714 635 846 692 westan
879 628 908 691 is
936 628 1004 692 and
1036 629 1078 691 be
1103 637 1235 695 noman

182 726 344 791 Glifwara
359 715 521 809 gemffire.

597 998 833 1065 CXXXIII.

228 1148 286 1214 Ab
302 1149 436 1214 oriente
451 1149 579 1214 uallem
603 1155 782 1212 uocatam·
811 1146 981 1231 Cymenes
1003 1149 1116 1213 denu·
1136 1151 1237 1216 etsie

181 1250 214 1313 in
226 1250 372 1332 longum
382 1249 475 1313 illius
488 1249 614 1314 uallem
625 1248 702 1330 [ad]
720 1295 748 1312 ..
761 1296 769 1310 .
787 1267 847 1312 nes
858 1256 942 1330 gent
952 1257 987 1314 et
1000 1251 1051 1313 sic
1062 1250 1132 1332 i[n]
1144 1250 1237 1315 affri-

182 1370 257 1414 cnm
279 1370 429 1432 uergens
446 1348 482 1412 in
503 1350 644 1431 longum
661 1348 755 1413 illius
781 1349 871 1431 septi
893 1351 1004 1414 tendit
1021 1350 1085 1414 ad·
1101 1351 1236 1434 pendan

181 1450 320 1534 stigele·
337 1449 460 1514 deinde
476 1471 499 1537 p
516 1449 629 1514 iddem
646 1457 783 1532 septum
801 1449 875 1513 ·in·
894 1449 1082 1533 fili'sleage·
1101 1460 1237 1516 austra·

182 1551 248 1615 lem
269 1553 394 1634 parte·
413 1550 493 1614 inde
510 1551 547 1614 in
564 1550 705 1632 longum
731 1549 875 1632 predicti
900 1551 990 1633 septi
1010 1551 1046 1614 in
1063 1552 1236 1635 quoddam

182 1652 276 1716 uallii
296 1650 366 1713 ·in·
382 1650 493 1714 haren
515 1651 621 1715 dene·
637 1650 726 1733 sicq·
744 1671 766 1737 p
794 1650 860 1714 hoc
884 1650 1014 1714 uallum
1041 1651 1169 1739 ptingit
1192 1653 1237 1717 ad

182 1750 278 1817 illum
302 1750 453 1833 agellum
478 1748 558 1838 [qd]
587 1750 692 1815 dinit‘.
711 1757 809 1814 tatan
837 1750 930 1815 edisc
949 1758 1006 1814 ·et
1029 1752 1079 1815 sic
1102 1773 1124 1839 p
1147 1753 1237 1816 occi·

183 1851 322 1917 dentale
350 1850 454 1933 plagi
482 1851 633 1916 eiusdem
664 1850 769 1932 agelli
796 1851 886 1914 iacet
913 1851 949 1913 in
980 1850 1058 1914 illos
1088 1853 1239 1916 tumulos

186 1951 415 2036 [predic]t01÷·
434 1951 557 2016 deinde
580 1953 617 2015 in
643 1951 887 2016 hedewindan·
907 1960 941 2016 et
966 1951 1073 2015 sicin
1096 1952 1237 2034 longum

186 2053 278 2117 illins
293 2052 421 2135 spineti
436 2051 472 2115 in
486 2051 677 2133 horselget·
698 2059 732 2115 et
746 2051 909 2115 continuo
935 2098 1081 2116 ......
1095 2052 1239 2116 linames

187 2156 271 2218 dene
293 2158 397 2235 geete
413 2158 449 2215 et
471 2159 615 2217 extenso
641 2152 778 2216 tramite
805 2151 921 2215 eiusde
949 2152 1059 2232 septi·
1078 2158 1115 2215 tn
1142 2152 1239 2216 holh-

187 2273 271 2338 rygc
301 2258 404 2335 gete·
429 2260 464 2317 et
490 2251 574 2316 ende
599 2299 829 2316 .........
845 2251 1035 2332 seldgeate·
1059 2259 1095 2316 et
1120 2252 1239 2316 eodem

188 2361 287 2438 septo
309 2359 346 2417 to
363 2352 502 2434 beggan
525 2363 623 2434 gete·
644 2351 729 2432 ]sic
746 2353 780 2415 in
804 2351 890 2415 illud
913 2353 1034 2434 septii·
1055 2360 1092 2418 to
1109 2353 1240 2417 bradan
1339 2371 1343 2378 ’

188 2454 288 2536 leage
309 2452 507 2535 ·trensitq·
528 2452 588 2516 illo
616 2460 716 2535 septo
745 2452 877 2516 bradan
899 2451 999 2534 lenge
1024 2453 1159 2517 intrans
1185 2455 1239 2517 in·

190 2554 377 2619 standene·
396 2559 432 2616 et
457 2553 493 2615 in
524 2552 630 2634 longii
655 2553 729 2616 eius
755 2553 792 2616 in
822 2549 949 2637 qddam
978 2552 1109 2619 uallum
1133 2555 1240 2637 eiusq.

190 2655 274 2719 ualli
300 2650 389 2718 serie
406 2653 462 2715 in·
481 2660 607 2735 putten
630 2652 728 2716 ealh·
749 2662 784 2717 et
806 2653 858 2716 sic
880 2654 917 2716 in
939 2652 1080 2734 longum
1106 2655 1243 2737 aggeris

191 2764 227 2821 to
257 2753 384 2818 bulcen
422 2759 541 2836 pytte·
575 2753 698 2835 indeq·
724 2753 760 2815 in
797 2754 939 2834 longum
973 2752 1077 2817 uallis
1121 2762 1156 2819 et
1194 2755 1244 2819 sic

191 2873 330 2921 emenso
346 2853 459 2936 spatio
475 2859 607 2917 suetae
622 2854 659 2919 in
674 2852 812 2936 quoddi
827 2853 968 2936 petrosi
984 2851 1130 2917 cliuum·
1150 2862 1185 2918 et
1199 2874 1244 2919 ex

191 2975 250 3024 eo·
271 2952 460 3018 baldwines
481 2948 583 3017 healh
601 2971 609 2988 ·
629 2972 699 3035 app
716 2954 779 3018 etit
803 2973 999 3036 supremum
1016 2953 1116 3017 sicin
1135 2954 1244 3037 qund-

191 3057 271 3121 dnm
283 3053 438 3119 uallum·
456 3053 573 3136 eiusq·
592 3053 729 3117 tramite
748 3073 934 3140 pgressum
952 3052 987 3116 in
1002 3053 1099 3117 illum
1118 3054 1244 3139 uallem

192 3159 236 3221 ab
251 3162 389 3221 austro·
404 3153 530 3219 bulcen
546 3160 681 3236 pyttes·
695 3154 779 3237 sicq·
796 3154 833 3217 in
844 3153 984 3235 longum
997 3153 1082 3219 ualli
1097 3173 1244 3241 pgressa

193 3258 229 3320 in
244 3255 307 3319 illa
321 3254 466 3338 antiqua
479 3260 702 3318 monumenta
717 3254 752 3316 in
769 3253 883 3318 locum
906 3254 964 3317 ubi
982 3273 1004 3317 a
1020 3253 1177 3320 ruricolis
1192 3254 1243 3318 di·

195 3357 286 3421 citur
300 3374 307 3390 ·
322 3361 368 3418 aet
382 3361 474 3420 ttaem
497 3352 599 3417 helen
617 3353 778 3437 stypbum
791 3372 799 3388 ·
813 3354 886 3436 sicq
901 3371 908 3389 ·
925 3353 970 3417 nd
986 3354 1065 3419 illos
1082 3353 1244 3436 gabulos·

193 3459 229 3520 in
267 3455 409 3536 longum
445 3470 715 3537 gemaerweges·
744 3461 781 3519 tn
819 3453 1050 3535 wadbeorge·
1080 3455 1180 3537 sicq·
1214 3456 1254 3520 of

194 3554 432 3637 wad[beorge]
451 3554 486 3617 in
512 3554 608 3617 illum
636 3560 788 3618 montem
815 3543 844 3635 qi
860 3553 954 3617 dicitr
977 3554 1090 3617 sorsca
1117 3555 1246 3618 burna·

194 3656 311 3737 Jeius
341 3674 387 3719 ex
413 3654 515 3718 alueo
546 3655 655 3718 intrat
680 3652 922 3718 bedewindan·
947 3654 1071 3735 indeq·
1098 3655 1180 3719 item
1213 3656 1248 3719 in

194 3775 354 3841 cymenes
372 3754 468 3820 dene.
