2858 4890
440 401 613 452 culam
635 398 976 449 uuonosuxourciu.
1188 386 1235 450 93

182 569 350 647 perpetuo
372 569 511 626 maneat
529 559 738 625 absolutum.
790 559 920 624 Uillam
936 580 1075 644 quoqne
1094 560 1233 626 Undale

182 684 259 728 cum
273 669 351 728 toto
361 664 435 726 iure
451 661 694 737 adiacentium,
706 660 798 742 quod
805 660 1074 726 Eabtahundred
1083 660 1232 744 Anglice

184 764 394 840 nominatur,
411 770 447 826 at
465 781 545 825 cum
566 768 731 837 mercato,
759 780 801 824 ac
830 761 1004 839 thelonco,
1026 782 1068 826 ea
1089 782 1232 845 prorsus

184 864 345 929 libertate
367 862 547 939 donamus,
565 869 736 944 quatenus
758 880 821 925 nec
846 880 922 934 rex,
945 882 1008 926 nec
1023 882 1150 940 comes,
1168 884 1232 927 nec

186 964 369 1048 episcopus
400 970 538 1046 praeter
563 961 852 1026 christianitatem
883 964 1103 1027 attinentium
1130 984 1234 1047 paro-

187 1064 353 1141 chiarum,
374 1083 439 1127 nec
465 1062 658 1127 nicecomes
678 1081 742 1126 nec
771 1061 844 1125 ulla
864 1082 1016 1145 unquam
1038 1065 1149 1128 maior
1170 1065 1235 1127 mi·

187 1184 294 1230 noruc
309 1163 555 1248 personantia
571 1162 804 1227 dominatione
818 1182 1000 1246 occupare,
1018 1184 1082 1228 nec
1097 1165 1141 1228 de
1157 1165 1235 1247 ipsa

189 1264 271 1331 uilla
294 1264 444 1341 Undale,
464 1264 523 1328 ubi
548 1262 702 1345 legitime
725 1263 909 1328 consedere
932 1265 1046 1342 debet,
1068 1266 1104 1329 in
1127 1266 1233 1329 alium

187 1366 299 1430 locum
325 1364 513 1429 transferre
542 1362 718 1426 ullatenus
751 1372 973 1445 praesumat:
1006 1365 1066 1429 sed
1098 1375 1234 1431 tantum

189 1468 296 1531 abbas
312 1465 482 1548 praedicti
500 1463 657 1530 coenobii
672 1461 756 1526 illud
774 1482 853 1526 cum
871 1466 944 1528 suis
963 1466 1078 1529 causis
1097 1475 1132 1531 et
1149 1467 1236 1549 legi·

188 1569 251 1631 bus
263 1573 379 1632 totum
393 1568 430 1629 in
445 1584 510 1628 sua
523 1568 697 1646 potestate
713 1563 885 1628 liberrime
898 1573 1028 1641 teneat,
1045 1576 1081 1631 et
1095 1568 1235 1650 quando

189 1668 244 1732 nel
267 1667 392 1750 inquo
413 1666 490 1730 loco
506 1664 572 1729 sibi
593 1663 763 1746 placuerit
781 1664 856 1728 sine
869 1665 943 1729 nlla
964 1668 1237 1732 contradictione

190 1768 308 1831 sedere
325 1766 440 1831 faciat
493 1764 585 1829 Item
601 1770 712 1828 terras
733 1773 852 1829 nostro
869 1765 1042 1830 adiutorio
1060 1768 1115 1831 uel
1130 1769 1235 1846 dono,

190 1868 245 1932 uel
265 1868 472 1949 optimatum
493 1884 657 1941 meorum,
674 1885 736 1948 per
750 1865 943 1948 praefatum
965 1867 1165 1950 episcopum
1188 1869 1237 1932 ei·

190 1968 267 2032 dam
284 1966 494 2031 monasterio
511 1965 675 2042 adiectas,
686 1984 776 2048 quae
788 1965 844 2029 hic
863 1985 908 2029 ax
927 1976 1025 2048 parte
1040 1968 1237 2049 titulantur,

191 2068 226 2132 id
240 2076 308 2146 est,
323 2068 460 2144 Barwe,
474 2066 732 2146 Wermingtun,
747 2062 895 2142 Asctun,
909 2066 1136 2149 Kyteringas,
1151 2068 1238 2133 Cas·

191 2175 256 2246 tre,
269 2166 484 2244 Eilesuurbe,
500 2161 922 2246 Waltun,Wiberingtun,
945 2167 1031 2248 Ege,
1055 2167 1183 2251 Dorpe,
1204 2180 1239 2236 et

194 2288 299 2333 unum
309 2267 537 2333 monetarium
545 2264 773 2330 inStanfordc
783 2266 819 2327 in
831 2277 1031 2349 perpetuam
1043 2268 1237 2334 libertatem

193 2369 424 2434 concedimus.
490 2366 568 2430 Sint
586 2383 669 2447 ergo
691 2373 762 2429 tam
786 2366 875 2430 istae
899 2368 1003 2431 uillae
1031 2389 1136 2452 quam
1160 2391 1240 2436 cae·

193 2478 288 2535 terac
314 2486 554 2550 omnesquae
578 2465 621 2529 ad
646 2466 761 2548 ipsum
782 2470 1029 2532 monasterium
1052 2472 1239 2552 pertinent,

195 2590 271 2636 cum
295 2569 466 2633 uniuersis
487 2568 589 2631 robus
615 2574 650 2630 et
674 2567 867 2631 rationibus
889 2569 960 2631 suis
986 2577 1022 2632 et
1048 2578 1123 2635 toto
1146 2574 1239 2655 quod

196 2670 392 2754 appellatur
400 2687 480 2732 sace
492 2675 527 2732 et
541 2686 656 2741 socna,
666 2667 710 2729 ab
724 2668 816 2730 omni
831 2668 940 2750 regali
953 2670 1027 2733 iure
1041 2679 1077 2734 ot
1090 2673 1134 2735 ab
1145 2675 1240 2738 omni

195 2770 365 2835 saeculari
382 2770 464 2851 iugo
479 2766 515 2831 in
532 2774 710 2833 aeternum
727 2767 868 2845 liberae,
883 2778 918 2833 et
936 2771 973 2833 in
991 2772 1138 2852 magnis,
1153 2781 1188 2836 et
1205 2774 1240 2837 in

196 2871 357 2945 minimis»,
380 2870 415 2933 in
438 2868 546 2945 siluis,
568 2868 712 2949 campis,
731 2869 881 2951 pascuis
903 2872 1025 2953 pratia,
1045 2871 1242 2954 paludibus,

197 2970 449 3047 uenationibus,
465 2968 725 3051 piscationibus
754 2970 1032 3048 mercationibus,
1061 2971 1242 3052 theloneis,

196 3072 425 3154 omnibusque
442 3088 556 3132 rerum
571 3068 871 3152 procurationibus
894 3070 949 3134 dei
973 3072 1136 3136 beneficio
1161 3094 1242 3156 pro-

196 3171 426 3237 uenientibus.
494 3168 723 3234 concedimus
756 3169 860 3234 etiam
897 3170 1072 3235 dimidiam
1108 3182 1242 3255 partem

196 3272 315 3355 stagni
333 3270 426 3354 quod
448 3268 814 3347 diciturWitlcsmarc,
832 3291 893 3352 per
909 3272 1109 3355 episcopum
1126 3274 1243 3339 AEbcl-

196 3374 348 3440 woldnm
367 3369 584 3454 acquisitam,
606 3389 684 3433 cum
705 3371 862 3433 omuibus
887 3371 1020 3436 scilicet
1040 3375 1151 3457 aquis,
1172 3377 1243 3458 pis-

196 3475 313 3549 cariis,
345 3471 481 3554 stagnis
512 3478 548 3533 et
574 3470 758 3553 paludibus
789 3471 1030 3549 attinentibus,
1059 3494 1169 3557 usque
1199 3479 1243 3541 ad

197 3580 261 3645 hos
283 3573 449 3638 terminos
469 3569 764 3647 circumiacentes,
790 3590 935 3653 quorum
963 3576 1246 3655 septentrionalis

196 3687 262 3757 est,
288 3673 349 3737 nbi
372 3672 521 3756 primum
547 3671 697 3735 intratur
722 3670 911 3748 Mcrelade,
936 3672 979 3736 dc
1004 3692 1105 3738 amne
1132 3676 1244 3755 Neue,

197 3773 376 3846 orientalis
390 3770 436 3836 ad
451 3769 669 3852 Kingesdelf,
686 3771 848 3834 australis
865 3772 908 3835 ad
924 3769 1245 3854 Aldwiuesbaruue,

197 3883 258 3966 qui
273 3877 372 3941 locus
387 3878 442 3937 est
457 3871 494 3934 in
510 3870 637 3953 palude
652 3878 775 3935 contra
791 3871 1011 3937 medietatem
1028 3876 1108 3939 uiae
1127 3877 1245 3942 Ubbe-

198 3974 383 4052 merelade,
405 3970 628 4037 occidentalis
650 3971 708 4034 ubi
732 3991 823 4054 aqua
844 3972 886 4036 da
905 3972 1041 4057 Opbete
1063 3975 1181 4042 finitur
1201 3979 1246 4043 ad

197 4094 348 4153 terram
371 4092 461 4156 quaa
476 4071 592 4136 omnia
614 4071 806 4154 antiquitus
824 4073 868 4136 ad
885 4073 970 4138 illud
989 4085 1246 4142 sacrosanctum

197 4175 447 4255 monasterium
469 4171 579 4236 multo
599 4170 704 4235 latius
726 4178 761 4236 et
777 4172 916 4253 longius
939 4176 1145 4258 pertinuisse
1167 4198 1247 4261 pro-
