2858 4890
181 331 247 395 240
443 348 618 396 curaris
643 347 986 397 nucnosnxorucnn.

185 507 352 572 tradendo
377 509 555 589 concessi;
589 508 753 591 quatinus
786 506 962 590 possideat
990 513 1026 571 et
1053 525 1165 589 usque
1195 506 1241 570 ad

184 608 343 672 ultimum
368 629 506 673 cursum
530 609 624 673 uitae
651 628 735 672 suae
760 608 902 671 firmiter
918 613 1055 687 teneat3
1090 614 1126 672 et
1143 614 1241 690 post·

185 728 289 790 quam
314 708 454 773 humani
478 709 613 792 generis
642 708 867 791 fragilitatem
900 707 1101 786 deseruerit,
1126 717 1162 772 et
1195 708 1240 772 ad

184 808 445 874 desiderabilem
472 808 693 873 iocunditatis
719 809 812 872 uiam
838 827 901 891 per
920 810 1069 890 gratiam
1098 810 1241 892 superni

186 910 412 974 moderatoris
462 910 597 987 adierit,
636 907 893 973 succedentium
931 909 997 972 sibi
1036 909 1241 992 cuicumque

185 1009 336 1087 libuerit,
354 1030 431 1074 curn
451 1011 609 1074 omnibus
627 1009 669 1072 ad
694 1028 731 1072 se
748 1009 1000 1091 pertinentibus
1019 1011 1243 1075 aeternaliter

185 1110 413 1193 derelinquat.
478 1109 607 1174 Nullus
630 1117 745 1174 autem
769 1107 834 1172 hoc
859 1108 1034 1174 decretum
1057 1110 1241 1175 immutare

186 1219 247 1275 aut
283 1211 464 1295 tyrannica
489 1217 662 1293 potestate
699 1217 899 1292 praesumat
940 1209 1141 1292 infringere.
1204 1211 1241 1275 Si

187 1311 264 1393 quis
288 1331 371 1375 uero
392 1310 569 1376 adnullare
590 1317 625 1375 et
642 1311 773 1374 irritam
792 1309 904 1374 facere
923 1318 1133 1394 pertemptet
1151 1311 1241 1376 banc

187 1411 419 1489 donationem,
436 1412 525 1476 sciat
540 1432 577 1476 se
593 1431 709 1475 coram
729 1410 868 1475 Christo
886 1411 1094 1475 titubantem
1115 1420 1240 1476 treme-

186 1512 407 1595 bundumque
432 1514 601 1576 rationem
626 1512 850 1589 redditurum,
866 1511 933 1574 nisi
955 1511 989 1574 in
1014 1511 1079 1575 hoc
1101 1514 1241 1577 saeculo

187 1613 418 1695 poenitentiae
452 1613 547 1696 prius
578 1613 661 1676 fletu
692 1613 849 1676 detersus
883 1611 964 1675 hinc
998 1632 1036 1675 se
1068 1614 1240 1696 corrigere

186 1712 369 1777 studuerit.
421 1713 475 1779 Sit
489 1721 606 1777 autem
622 1713 853 1796 praeliberata
868 1712 1115 1777 donatiuncula
1132 1714 1240 1779 libera

189 1814 233 1877 ab
254 1814 348 1877 omni
371 1814 480 1877 fiscali
503 1815 633 1878 tributo
656 1812 954 1896 saeculariumque
977 1813 1158 1878 seruitium
1177 1836 1239 1879 ex-

188 1912 370 1990 inanitum,
392 1915 459 1978 nisi
479 1915 709 1998 expeditione,
733 1915 822 1979 arcis
841 1913 1041 1992 munimine,
1061 1935 1102 1979 ac
1125 1917 1241 1999 pontis

188 2014 452 2079 restauratione.
506 2015 591 2079 Istis
613 2014 780 2097 siquidem
803 2015 959 2078 terminis
980 2015 1159 2098 praedicta
1179 2017 1242 2081 do-

188 2116 284 2180 natio
322 2115 577 2198 circumgyrata
604 2134 679 2179 esse
710 2115 857 2179 uidetur.
919 2113 981 2178 Dis
1008 2116 1144 2200 syndon
1171 2117 1241 2183 bees

189 2215 303 2298 hagan
341 2204 493 2297 gemffiru
530 2223 576 2280 aet
612 2222 754 2279 sanctus
788 2215 1013 2280 Benedictus
1031 2216 1251 2296 chirichean.

190 2316 308 2380 AErest
325 2315 365 2380 ol'
378 2314 575 2381 fitewerdan
595 2314 670 2379 bam
691 2324 792 2398 geate
812 2315 965 2399 andlang
989 2323 1095 2381 strete
1110 2321 1243 2403 bwyres

189 2416 262 2480 ofer
277 2416 388 2498 Wilig
416 2436 461 2480 on
483 2423 531 2482 tta
560 2417 694 2481 smalan
723 2415 933 2495 twiobenan3
963 2417 1031 2481 and
1062 2420 1132 2481 swa
1159 2421 1245 2484 and-

188 2516 273 2598 lang
298 2515 492 2582 twiobenan
518 2508 557 2582 t6
584 2516 793 2583 Wulfriches
820 2506 992 2599 gemaere3
1029 2516 1097 2582 beet
1130 2519 1243 2584 bonne

188 2621 320 2704 bwyres
345 2617 419 2682 ofer
436 2617 483 2682 eft
506 2637 551 2681 on
565 2618 701 2700 Wilig;
728 2616 838 2682 bonne
860 2619 930 2682 swa
956 2617 1108 2702 andlang
1126 2621 1243 2686 Wulf-

189 2718 300 2783 riches
315 2716 492 2800 heigreiwe
509 2738 554 2782 on
568 2717 611 2781 ba
627 2709 744 2784 widan
769 2718 873 2786 straet.
926 2719 1063 2801 Scripta
1084 2728 1139 2785 est
1160 2722 1244 2786 haec

189 2818 323 2883 cartula
340 2838 432 2882 anno
448 2819 638 2883 dominicae
653 2819 1245 2890 incarnationis.ncccc.1.xxxvr11.

188 2919 375 2983 indictione
403 2936 439 2983 .1.
476 2918 543 2982 hiis
578 2919 724 2984 testibus
763 2921 1057 2984 consentientibus
1096 2943 1244 3006 quorum

189 3019 330 3084 nomina
350 3019 492 3083 inferius
515 3026 682 3084 caraxata
698 3040 774 3084 esse
791 3021 962 3086 uidentur.

244 3122 283 3203 ›1‹
307 3120 383 3202 Ego
398 3117 600 3184 AEbelredus
625 3140 688 3184 rex
715 3120 780 3184 hoc
805 3121 932 3185 donum
962 3123 1128 3192 concessi.
1201 3128 1241 3208 ›1‹

190 3221 266 3302 Ego
283 3220 466 3283 Oswaldus
484 3221 713 3285 Eboracensis
739 3222 926 3286 aecclesiae
952 3222 1245 3308 archiepiscopus,

189 3320 403 3400 designando
430 3323 599 3386 consensi.
657 3324 697 3404 ›1‹
717 3322 794 3404 Ego
810 3322 974 3386 AElfheah
992 3323 1246 3390 Wintoniensis

190 3420 377 3484 aecclesiae
407 3421 545 3502 praesul
567 3422 811 3486 consentiendo
835 3422 1029 3505 designari.
1112 3426 1244 3508 ›14Ego

191 3518 355 3601 AEbelgar
379 3518 596 3585 Australium
625 3522 803 3586 Saxonum
830 3524 1132 3606 superspeculator
1166 3529 1245 3591 sub-

191 3621 322 3685 notaui.
400 3624 439 3702 ›1‹
463 3621 539 3702 Ego
558 3624 712 3705 AEscwig
736 3624 922 3688 Dorcensis
954 3624 1143 3689 aecclesiae
1175 3629 1245 3711 epi-

191 3741 317 3804 scopus
341 3721 510 3803 impressi.
582 3725 621 3806 ›1‹
641 3724 717 3806 Ego
741 3725 873 3808 Sigeric
891 3724 1134 3790 Corruinensis
1167 3748 1245 3792 aec-

190 3822 315 3887 clesiae
345 3823 527 3905 episcopus
559 3824 725 3906 sigillaui.
810 3828 850 3908 ›1‹
873 3825 949 3908 Ego
970 3823 1122 3890 AEbelsie
1154 3828 1245 3892 Scir·

191 3923 373 3986 burnensis
413 3924 600 3988 aecclesiae
630 3926 813 4008 episcopus
849 3926 1022 4010 adquieui.
1102 3928 1141 4009 ›1‹
1171 3929 1245 4012 Ego

191 4023 338 4106 Sigegar
373 4023 572 4089 Fontanae'
596 4026 784 4090 aecclesiae
830 4027 969 4110 praesul
1011 4029 1244 4094 corroboraui.

196 4127 236 4207 ›1‹
260 4125 336 4207 Ego
352 4124 516 4190 AElfwold
539 4126 728 4192 cridiensis
760 4128 948 4195 aecclesiae
977 4128 1247 4196 archimandrita
