2858 4890
179 348 245 412 300
451 360 625 410 cnnnrna
646 359 988 408 nncuosnxomens.

182 520 325 597 scilicet,
343 519 483 583 utillud
505 519 714 583 dominicum
735 517 812 582 luce
834 516 961 581 clarius
981 515 1146 599 compleri
1163 517 1241 579 ani-

182 621 419 683 maduertatur
457 620 634 683 oraculum
668 638 737 701 quo
770 618 865 694 dicit,
895 617 1031 680 ‘Erunt
1065 617 1241 681 tribulati·

113 720 118 728 '
181 739 264 784 ones
290 719 379 784 tales
401 720 521 801 quales
544 739 613 783 uon
636 718 775 782 fuerunt
791 718 835 781 ab
862 717 962 781 initio
981 717 1099 780 mundi
1126 736 1241 800 neque

181 818 286 883 fient.’
363 819 584 902 Rursumque
621 819 696 901 ipsa
729 818 858 881 ueritas
895 817 1048 882 omnium
1086 817 1239 881 sitiendo

180 919 329 982 salutem
359 918 513 983 ueridica
545 938 628 982 uoce
658 919 839 980 uniuersos
867 923 1041 980 ammonet
1065 917 1244 999 inquiens,

182 1025 191 1053 ‘
208 1018 302 1097 Quid
317 1019 459 1101 prodest
476 1017 604 1082 homini
621 1018 651 1080 si
668 1017 831 1080 mundum
855 1016 1008 1080 lucretur
1024 1017 1240 1095 uniuersum,

182 1119 316 1181 animae
333 1139 415 1182 uero
436 1137 521 1182 suae
537 1116 778 1181 detrimentum
795 1118 949 1199 patiatur
960 1117 986 1180 l'
1005 1116 1155 1180 Proinde
1171 1137 1244 1199 ego

183 1216 354 1293 AEbelred
383 1217 438 1281 dei
464 1217 683 1300 prouidentia
708 1237 771 1280 rex
793 1215 1002 1299 Anglorum‚
1025 1216 1079 1280 his
1100 1224 1136 1281 ct
1158 1217 1241 1282 aliis

182 1318 417 1400 praemonitus
434 1318 627 1394 sententiis,
645 1317 905 1398 animarumque
918 1317 1051 1380 lucrum
1067 1336 1144 1381 esse
1159 1337 1242 1399 per-

182 1416 346 1500 pendens,
361 1416 445 1480 haec
463 1418 595 1482 caduca
612 1417 817 1480 commercia
842 1423 917 1481 toto
939 1417 1041 1481 corde
1063 1436 1241 1500 respuere,

181 1517 314 1581 cunctis
356 1518 534 1582 innotesco
576 1517 666 1580 hanc
708 1515 885 1581 scedulam
927 1518 1245 1598 perscmtantibuS,

181 1617 330 1700 qualiter
361 1616 397 1680 iu
430 1616 559 1681 honore
595 1623 737 1682 sanctae
773 1616 939 1680 trinitatis
970 1617 1240 1700 indiuiduaeque

180 1718 324 1781 unitatis
341 1734 383 1780 .c.
401 1736 539 1780 mansas
562 1717 597 1779 in
624 1718 701 1780 loco
718 1716 779 1799 qui
795 1717 839 1779 ab
861 1715 988 1781 accolis
1007 1723 1052 1780 aet
1069 1716 1243 1782 Duntuue

180 1816 444 1899 cognominatur
471 1818 692 1898 supradictae
712 1816 834 1880 deitati
861 1817 1059 1897 sanctisque
1084 1818 1241 1899 apostol-

181 1936 279 1979 orum
300 1915 398 1980 Petri
424 1924 459 1981 et
480 1916 583 1980 Pauli
609 1916 783 1980 liminibus
814 1916 859 1979 ad
885 1917 1086 1980 aecclesiam
1114 1937 1240 1982 eorun-

179 2016 257 2080 dem
283 2016 518 2099 apostolorum
543 2036 632 2099 quae
662 2016 697 2079 in
720 2015 838 2080 Ueuta
864 2017 1004 2081 ciuitate
1032 2017 1068 2080 in
1095 2024 1240 2082 uetusto

181 2136 290 2198 usque
331 2117 433 2180 hodie
469 2117 633 2199 perdurat
665 2116 843 2194 coenobio,
872 2117 1150 2194 restauranerim,
1191 2120 1238 2183 ob

180 2216 336 2281 sedulam
358 2216 586 2280 humilitatem
601 2215 768 2280 AElfheah
783 2217 934 2280 ciusdem
951 2217 1045 2281 urbis
1061 2217 1239 2300 pontificis
1309 2209 1310 2214 ’

181 2323 217 2380 et
243 2317 395 2381 rectoris.
449 2315 564 2394 Quam
593 2316 753 2381 uidelicet
780 2316 913 2381 telluris
940 2317 1135 2401 portionem
1160 2319 1238 2401 ipse

181 2417 226 2480 ob
248 2435 420 2480 enormem
441 2416 610 2498 pueritiae
633 2436 730 2480 meae
755 2417 970 2481 iuuentutem
995 2416 1149 2481 mihimet
1173 2419 1242 2482 ali-

182 2515 335 2598 quandiu
356 2515 544 2598 usurpaui3
568 2516 627 2580 sed
654 2515 792 2580 taudem
820 2518 950 2581 crebris
967 2535 1120 2581 meorum
1144 2519 1240 2601 sapi-

182 2622 300 2679 entum
316 2616 499 2680 instinctus
514 2616 828 2694 ammonitionibus
846 2617 996 2699 dumque
1012 2616 1239 2682 stabilitatem

182 2716 306 2779 mentis
334 2721 430 2779 aetas
458 2723 597 2798 caperet
624 2716 692 2779 iam
729 2716 859 2792 adulta,
884 2717 1032 2798 cognoui
1062 2737 1117 2781 me
1146 2717 1240 2782 hauc

181 2814 307 2879 iniuste
324 2815 511 2898 possidere,
524 2823 559 2880 et
575 2835 760 2898 supernum
777 2824 934 2881 metuens
951 2836 1110 2895 examen,
1124 2817 1239 2883 furor-

180 2934 303 2997 emque
339 2915 568 2997 apostolicum
603 2916 787 2991 incurrere,
817 2916 919 2980 huius
952 2936 1043 2981 nunc
1075 2918 1238 2984 scedulae

181 3014 405 3080 renouatione
427 3016 612 3093 constituo,
629 3022 667 3079 ut
690 3014 793 3079 tellus
819 3018 896 3098 ipsa
919 3027 1238 3099 supramemoratae

181 3134 317 3198 semper
333 3113 501 3180 subdatur
512 3116 686 3192 basilicae,
695 3115 747 3180 uti
761 3116 797 3180 in
811 3116 1031 3181 inchoatione
1043 3117 1239 3184 christiani·

182 3215 265 3278 tatis
298 3234 320 3278 a
347 3214 566 3298 Kynewalho
595 3235 676 3296 rege
701 3215 926 3280 deliberatum
960 3224 1033 3298 est;
1068 3237 1109 3280 ac
1139 3229 1239 3302 post·

182 3314 321 3377 modum
353 3333 375 3378 a
401 3313 611 3397 Kynewulfo
643 3315 904 3398 praetitulatum
938 3323 1013 3397 est3
1047 3315 1126 3380 dein
1152 3339 1238 3386 uero

183 3414 227 3476 ab
241 3412 442 3497 Ecgbyrhto
473 3422 719 3493 restauratum,
735 3435 776 3479 ac
808 3416 964 3498 apicibus
994 3426 1237 3499 recuperatum

183 3519 260 3591 est3
297 3513 340 3575 ad
364 3513 524 3578 ultimum
548 3507 664 3580 autem
694 3515 739 3578 ab
765 3515 924 3580 Eadredo
951 3522 1077 3598 patruo
1104 3519 1239 3587 scilicet

181 3611 291 3694 patris
313 3613 380 3676 mei
398 3615 551 3697 Eadgari
574 3616 677 3680 simili
702 3615 804 3680 modo
826 3625 904 3680 cum
927 3623 1023 3680 certa
1042 3616 1238 3685 litterarum

182 3711 450 3795 adstipulatione
474 3713 744 3797 redintegratum
774 3707 835 3779 est
856 3714 966 3780 eidem
999 3719 1237 3802 suprascripto

181 3819 303 3876 sancto
324 3813 426 3894 loco;
454 3809 642 3879 ¹nouissime
663 3835 746 3879 uero
768 3817 812 3879 ab
835 3817 912 3898 ipso
933 3822 1032 3898 patre
1051 3836 1129 3881 meo
1149 3821 1238 3886 satis

181 3912 276 3976 clara
300 3913 591 3978 demonstratione
618 3922 823 3979 renouatum
852 3923 905 3980 est
932 3916 977 3979 ob
1001 3915 1236 4001 deuotionem,

82 4020 84 4024 ’
180 4009 354 4090 uidelicet,
363 4032 403 4077 ec
418 4013 623 4078 famulatum
637 4013 960 4080 sanctiAEbelwoldi
972 4023 1055 4081 tunc
1068 4021 1238 4102 temporis

179 4114 323 4179 eandem
348 4114 500 4196 regentis
525 4114 726 4180 aecclesiam
754 4135 858 4199 quam
880 4116 947 4181 iste
975 4115 1127 4182 eiusdem
1154 4138 1235 4186 suc·
