2858 4890
184 341 251 404 368
437 357 609 405 curarim
633 355 978 403 nucnossxorucnn.

187 515 400 597 pinquiorem
427 515 491 580 deo
516 517 573 598 qui
598 517 778 580 uoluntate
801 517 994 587 bonusest,
1017 533 1123 596 quam
1146 513 1246 577 illum

186 634 287 695 quem
306 616 493 679 necessitas
511 615 626 694 cogit?
667 615 748 694 Qua
765 616 806 678 de
827 635 863 678 re
877 615 996 677 intima
1010 614 1112 696 quasi
1128 616 1245 696 perip-

186 734 281 777 sema
303 716 566 798 quisquiliarum
593 717 769 792 abiiciens,
791 734 942 796 superna
966 714 1011 777 ad
1037 714 1148 777 instar
1167 734 1246 794 pre·

187 816 353 877 tiosorum
370 816 544 879 monilium
571 816 713 897 eligens
736 816 889 878 animum
916 814 1134 896 sempiternis
1158 833 1247 894 gau·

186 914 252 977 diis
268 914 391 995 figens,
402 914 444 978 ad
464 915 720 997 adipiscendam
737 914 921 978 mellifluae
937 913 1127 977 dulcedinis
1143 915 1245 977 mise·

186 1014 368 1078 ricordiam
395 1014 705 1098 perimendamque
731 1014 887 1078 infinitae
914 1014 1073 1077 laeticiae
1098 1013 1246 1077 iocund-

184 1114 316 1189 itatem,
346 1134 411 1196 ego
434 1115 641 1179 AE'oelredus
675 1134 736 1197 per
767 1115 1033 1196 omnipatrantis
1061 1113 1245 1177 dexteram

186 1214 507 1278 tociusBritanniae
525 1215 622 1296 regni
640 1215 727 1278 solio
745 1214 952 1290 sullimatus,
963 1213 1137 1295 quandam
1154 1215 1246 1276 ruris

185 1314 569 1395 particulam,uidelicet
583 1331 678 1379 .x1x.
695 1321 863 1390 cassatos,
872 1315 909 1377 in
922 1314 1033 1376 tribus
1048 1313 1244 1395 looiS,quae

185 1413 311 1476 celebri
334 1420 380 1477 eet
398 1413 578 1491 Cadanno,
600 1416 668 1479 and
691 1421 737 1478 aet
754 1414 894 1489 Stretle,
910 1432 1043 1476 necnon
1067 1419 1114 1476 aet
1136 1419 1241 1476 twam

186 1513 387 1591 Lintunum,
398 1524 641 1597 nuncupantur
653 1515 836 1590 uocabulO,
847 1512 987 1576 domino
1002 1519 1121 1576 nostro
1138 1512 1244 1577 Ihesu

186 1611 325 1677 Christo
358 1622 394 1678 et
426 1621 547 1678 sancto
575 1614 681 1678 Petro
713 1613 948 1698 apostolorum
979 1612 1138 1694 principi,
1168 1632 1241 1676 cas-

183 1722 308 1797 taeque
327 1714 453 1794 uirgini
463 1712 688 1778 AElieldredae
703 1734 744 1779 ac
760 1715 868 1778 sacris
886 1713 1061 1777 sororibus
1077 1714 1243 1788 eiuS,una

185 1833 264 1877 cum
290 1812 351 1876 illa
372 1815 678 1897 requiescentibus
702 1823 844 1878 aeterna
858 1813 1005 1894 largitus
1025 1832 1103 1876 sum
1121 1812 1243 1878 haere·

185 1913 306 1989 ditate,
339 1914 382 1976 ad
408 1933 492 1977 usus
523 1914 770 1978 monachorum
797 1915 834 1977 in
858 1912 1000 1996 Elyensi
1031 1915 1243 1978 monasterio

184 2012 393 2094 degentium.
440 2013 528 2078 Sunt
545 2021 660 2078 autem
679 2015 768 2077 duae
784 2033 829 2077 ex
846 2012 976 2076 hisdem
997 2029 1093 2077 .x1x.
1112 2015 1242 2077 mansis

183 2113 219 2176 in
244 2113 306 2176 illo
331 2133 410 2177 rure
431 2114 524 2197 quod
553 2121 699 2178 uocatur
725 2121 760 2178 et
783 2112 960 2188 Cadauno,
989 2119 1025 2176 et
1053 2119 1089 2177 et
1114 2112 1243 2178 Stretle

185 2230 237 2277 .x.
262 2220 297 2277 et
318 2221 425 2278 twam
445 2214 632 2279 Lintunum
653 2230 729 2283 ,vlu
755 2232 818 2296 pro
844 2232 990 2295 quorum
1020 2215 1240 2294 possessione

184 2313 414 2395 praediorum,
440 2314 547 2378 abbas
571 2315 707 2378 nomine
728 2313 897 2376 AElfsinus
924 2312 1018 2376 dedit
1043 2313 1117 2394 regi
1144 2333 1240 2396 prae·

183 2412 256 2477 fato
296 2433 525 2496 appensuram
552 2431 618 2478 ux.
645 2413 808 2477 librarum
835 2412 1010 2496 purissimi
1034 2413 1111 2476 auri
1143 2415 1240 2478 iuxta

183 2532 348 2594 magnum
370 2514 505 2595 pondus
528 2514 818 2578 Normannorum.
870 2512 1056 2577 Praedicta
1075 2515 1238 2596 ‘equidem

182 2631 263 2674 rura
280 2632 357 2675 cum
382 2615 540 2677 omnibus
568 2614 783 2688 utensilibus,
811 2614 932 2696 pratiS,
960 2612 1136 2691 uidelicet,
1160 2634 1237 2696 pas-

183 2713 269 2789 cuis,
290 2712 493 2777 molendinis
514 2733 554 2777 ac
575 2713 685 2790 siluiS,
709 2715 752 2777 ab
773 2715 865 2777 omni
886 2722 1042 2777 terrenae
1061 2715 1238 2780 seruitutis

180 2813 263 2894 iugo
283 2813 354 2876 siut
376 2812 496 2891 libera,
515 2813 625 2878 tribus
648 2815 815 2897 exceptis,
834 2823 924 2890 rata,
941 2812 1116 2890 uidelicet,
1134 2834 1236 2898 expe·

180 2913 324 2990 ditione,
340 2913 456 2996 pontis
481 2915 614 2977 arcisue
640 2915 903 2980 restauratione.
965 2913 1002 2976 Si
1025 2913 1105 2994 quis
1132 2914 1236 2996 igitur

181 3013 269 3078 hanc
286 3021 440 3077 nostram
456 3013 675 3077 donationem
701 3014 737 3076 in
760 3014 854 3077 aliud
872 3032 975 3096 quam
995 3013 1235 3077 constituimus

180 3114 365 3177 transferre
409 3113 569 3189 uoluerit,
608 3114 764 3196 priuatus
805 3114 979 3178 consortio
1009 3121 1156 3176 sauctae
1185 3114 1235 3177 dei

181 3212 381 3289 aecclesiae,
399 3215 548 3277 aeternis
572 3213 727 3277 barathri
747 3214 912 3278 incendiis
933 3213 1090 3294 lugubris
1111 3214 1235 3294 iugiter

180 3333 258 3377 cum
272 3311 361 3375 Iuda
371 3311 499 3377 Christi
517 3314 693 3396 proditore
708 3314 849 3396 eiusque
862 3313 1087 3394 complicibus
1098 3314 1234 3396 puniat-

180 3432 233 3487 ur,
264 3413 294 3474 si
326 3432 394 3475 non
427 3414 663 3477 satisfactione
693 3414 928 3477 emendauerit
957 3432 1114 3492 congrua
1147 3412 1231 3495 quod

181 3518 301 3574 contra
323 3520 477 3575 nostrum
499 3513 644 3596 deliquit
671 3514 857 3578 decretum.
912 3512 979 3576 His
1005 3513 1106 3576 metis
1136 3533 1229 3596 prae-

180 3611 288 3674 fatum
303 3629 361 3674 rus
378 3611 457 3676 hinc
474 3614 552 3676 inde
569 3620 726 3699 gyratur.
