2858 4890
176 357 249 438 332
449 373 621 420 ennarnn
644 371 987 420 nncnosnxonrcnn.

184 532 431 615 discipulisque
453 532 663 614 palpandum
686 530 814 595 clausis
837 529 993 594 exhihuit
1012 527 1136 606 ianuis,
1157 547 1244 610 qua-

185 633 346 713 draginta
360 633 521 696 intereos
536 632 689 696 crebrius
706 631 774 694 illis
796 628 997 713 apparendo
1014 636 1245 693 conuersatus

187 750 333 814 ymeras,
350 732 487 815 illisque
505 732 723 795 adstantibus
741 738 776 794 et
792 731 1006 795 intuentibus
1023 729 1079 792 die
1094 727 1245 811 quadra-

186 833 318 913 gesima
328 832 421 915 coeli
438 832 539 915 petiit
555 832 754 895 habitacula
769 829 944 894 collocans
969 849 1084 893 secum
1103 836 1245 892 nostrae

185 932 298 995 carnis
327 932 557 996 substantiam
579 931 616 994 in
638 931 774 1014 paterni
793 930 939 994 dextera
960 929 1088 1007 throni,
1108 929 1245 1010 angelis

186 1031 269 1095 haec
308 1032 415 1095 uerba
452 1031 620 1114 apostolis
662 1029 984 1114 pronunciantihus,
1012 1029 1095 1092 ‘Sic
1126 1030 1245 1093 ueniet

186 1130 471 1214 quemadmodum
497 1131 634 1194 uidistis
657 1150 736 1193 eum
763 1138 902 1193 euntem
929 1130 965 1193 in
998 1129 1134 1192 coelum
1148 1127 1170 1203 3‘
1203 1129 1250 1193 de

185 1251 254 1313 quo
271 1230 442 1294 aduentus
467 1231 520 1294 sui
542 1231 598 1295 die
620 1231 672 1294 ita
692 1231 767 1314 ipse
790 1229 1023 1312 prophetauit,
1040 1229 1173 1307 ‘Dies,’
1190 1230 1245 1294 in-

185 1330 273 1413 quit,
296 1330 387 1407 ‘ille,
405 1330 480 1394 dics
490 1331 579 1407 irae,
597 1330 671 1395 dies
694 1330 903 1394 calamitatis
925 1336 961 1393 et
982 1328 1152 1409 miseriae,
1171 1330 1245 1394 dies

185 1429 419 1494 tribulationis
436 1439 471 1495 et
488 1431 684 1512 angustiae,
695 1429 768 1494 dies
785 1431 1004 1494 tenebrarum
1021 1436 1057 1494 et
1071 1429 1245 1511 caliginis,

185 1531 259 1594 dies
275 1531 376 1594 nubis
393 1538 429 1595 et
446 1532 606 1608 turbinis,
621 1531 695 1595 dics
712 1532 817 1595 tubae
834 1538 870 1594 et
886 1529 1085 1612 clangoris?
1137 1531 1245 1595 Tanti

184 1630 352 1714 siquidem
370 1630 550 1694 formidine
564 1631 632 1694 diei
650 1630 809 1696 adtactus
826 1638 862 1694 et
879 1637 951 1694 tam
963 1630 1121 1694 districto
1138 1630 1245 1695 iudici

184 1730 320 1814 placere
347 1731 511 1813 gestiens,
539 1751 605 1813 ego
634 1731 795 1795 AEdelred
824 1751 887 1794 rex
914 1728 1109 1811 Anglorum
1138 1731 1245 1795 offero

184 1831 252 1913 ipsi
278 1831 416 1895 domino
443 1839 562 1896 nostro
587 1831 693 1896 Ihesu
718 1831 857 1896 Christo
882 1831 1077 1895 libertatem
1103 1851 1244 1895 monas·

187 1930 264 1995 terii
286 1931 463 1995 cuiusdam
486 1932 624 2013 uulgari
646 1952 710 1996 usu
729 1939 776 2022 aet
790 1932 928 2015 Byrtun
945 1930 1123 2014 appellati,
1140 1938 1181 1994 ut
1197 1932 1245 1996 sit

186 2050 322 2114 semper
350 2049 427 2094 cum
464 2031 623 2095 omnibus
654 2051 744 2114 quae
777 2031 843 2094 sibi
882 2030 1062 2095 subiacent
1100 2031 1244 2110 uillulis,

185 2131 345 2214 praediis,
357 2129 500 2214 campiS,
512 2131 623 2208 siluis,
634 2132 755 2213 pratis,
767 2131 915 2214 pascuis,
925 2150 1091 2214 aquarum
1106 2131 1244 2196 decurs-

187 2232 276 2308 ihuS,
308 2231 539 2314 piscationum
566 2231 702 2309 hostiis,
725 2238 761 2295 et
782 2231 917 2295 cunctis
939 2231 1157 2295 necessitatis
1180 2232 1244 2296 hu-

187 2350 310 2394 manae
340 2330 543 2394 utensilihus
571 2338 712 2396 aeterna
738 2331 923 2395 securitate
952 2331 1176 2409 liberrimum,
1204 2340 1245 2397 ut

184 2429 269 2493 illud
299 2431 424 2494 nobilis
451 2432 629 2513 progeniei
659 2431 815 2495 minister
831 2431 998 2496 Wliricus
1024 2432 1184 2496 extruxit
1209 2441 1245 2497 et

187 2530 333 2612 collegio
359 2530 511 2594 instituit
530 2531 743 2609 monachico,
760 2531 949 2595 dominium
983 2532 1051 2596 loci
1077 2539 1113 2595 et
1141 2532 1177 2594 in
1203 2553 1244 2597 eo

186 2628 416 2693 habitantium
433 2650 529 2694 meae
540 2631 649 2712 regali
663 2633 880 2696 committens
896 2631 1137 2707 dominatioui;
1152 2633 1244 2697 hab·

187 2736 313 2810 eatque
335 2731 442 2794 abbas
460 2732 793 2813 uocabuloWlsgeat
809 2731 900 2818 [qui]
914 2731 958 2796 ad
974 2731 1039 2795 hoc
1061 2732 1242 2798 ordinatus

186 2836 239 2892 est
263 2830 407 2913 primus,
440 2831 583 2895 liberam
612 2831 813 2897 facultatem
848 2833 991 2897 interius
1020 2832 1244 2916 exteriusque

185 2931 250 2992 sub
276 2949 354 2993 mea
379 2930 510 2994 ditione
535 2932 620 2994 illud
657 2933 883 3013 gubernandi,
908 2933 1104 3016 postposito
1127 2933 1243 2997 cuius-

185 3029 269 3094 libet
293 3030 436 3094 alterius
462 3031 609 3096 hominis
636 3032 797 3097 dominio.
860 3031 961 3096 Haec
989 3051 1072 3097 uero
1099 3032 1243 3098 libertas

185 3130 296 3206 huius
314 3131 487 3214 priuilegii
514 3133 739 3196 annotatione
769 3133 847 3196 ideo
873 3134 1056 3197 roboratur
1079 3134 1245 3215 quatinus

185 3231 319 3312 inipso
343 3231 420 3295 loco
444 3232 595 3295 eiusdem
614 3251 682 3314 quo
701 3234 935 3315 praediximus
960 3232 1090 3297 ordinis
1113 3232 1246 3298 familia

184 3330 311 3410 iugiter
322 3331 474 3412 regulari
487 3352 581 3396 more
592 3333 656 3395 sub
667 3335 791 3397 abbate
802 3342 884 3397 tunc
896 3333 962 3397 sibi
971 3333 1128 3415 praelato
1142 3333 1245 3398 iuxta

185 3430 374 3511 [regulam]
392 3432 504 3495 sancti
519 3433 671 3496 militaus
685 3433 862 3496 Benedicti
876 3433 1085 3515 adgregetur
1093 3453 1245 3516 spesque

184 3531 390 3611 praescripti
418 3533 578 3609 ministri,
596 3533 654 3614 qui
682 3532 746 3596 hoc
772 3532 910 3597 Christo
932 3531 1078 3596 contulit
1104 3553 1244 3598 monas-

185 3630 309 3693 terium
327 3650 389 3712 per
405 3651 527 3713 puram
542 3634 577 3696 in
598 3633 674 3714 ipso
695 3632 923 3721 habitantium
944 3633 1244 3697 conuersationcm

185 3737 410 3811 sanctamque
427 3750 544 3793 eorum
557 3731 835 3796 intercessionem
852 3733 896 3795 ad
914 3732 1113 3796 coelestium
1130 3753 1244 3797 remu·

185 3829 397 3919 nerationem
422 3831 575 3910 erigatur
592 3832 802 3895 diuitiarum.
864 3832 995 3896 Uerum
1017 3832 1047 3894 si
1071 3833 1243 3916 quispiam

184 3929 317 3992 altioris
346 3928 563 3994 inferiorisue
587 3951 753 4014 personae
783 3932 874 3996 hunc
902 3932 1015 3996 locum
1046 3932 1242 4011 deuastarc‚

183 4029 240 4092 uel
267 4028 449 4110 quicquam
475 4051 517 4095 ex
545 4053 586 4096 co
610 4032 809 4096 abstrahere
834 4053 894 4097 scu
922 4033 1088 4110 minuere,
1114 4041 1177 4098 aut
1206 4035 1239 4098 in
