2858 4890
182 348 226 413 62
429 362 601 412 curaris
625 361 967 411 Anonosaxorucru.

182 520 239 585 cui
253 519 449 585 uoluntario
472 539 599 602 supera
619 528 724 603 atque
740 520 859 583 infima
873 520 1048 584 deseruire
1066 529 1238 586 conantur

182 641 245 704 per
268 629 435 699 cromata,
461 641 504 684 ne
529 641 592 685 nos
615 620 758 703 pellacis
785 620 1087 686 circumueniendo
1110 622 1237 705 uapide

180 722 394 786 insidiatoris
411 722 543 786 astutia
566 722 757 804 imparatos
777 720 858 785 dum
876 722 1139 786 memineramur
1159 743 1235 787 sur-

182 823 299 904 ripiat,
317 830 352 886 et
374 823 424 886 sic
441 822 551 887 ueluti
568 821 768 886 indocibiles
784 822 820 885 in
836 821 1093 904 inextinguibili
1109 823 1236 887 Ulcani

182 923 253 987 olla
277 923 514 1006 peccaminum
536 923 626 987 mole
648 941 787 1004 pressos
804 922 1109 987 inmisericorditer
1125 929 1166 987 ut
1181 924 1235 988 sui

182 1024 288 1087 moris
302 1032 356 1088 est
371 1024 566 1103 excruciet3
584 1044 629 1087 ex
652 1024 746 1087 omni
761 1023 886 1087 mentis
906 1025 1086 1087 conamine
1103 1025 1235 1088 cordis-

183 1144 250 1207 que
277 1125 410 1202 auditu,
437 1131 541 1206 prout
565 1124 658 1188 uires
688 1123 807 1188 diuina
833 1124 1026 1206 opitulante
1051 1124 1236 1190 clementia

182 1223 356 1289 sufficiunt
367 1233 519 1303 nostrae,
534 1224 878 1288 animaduertendum
895 1232 949 1288 est
964 1224 1056 1289 alma
1072 1226 1132 1308 qui
1149 1244 1234 1307 apo-

182 1326 307 1389 stolica
326 1325 452 1390 cotidie
472 1326 607 1390 intonet
627 1325 723 1402 tuba,
741 1325 879 1405 dicens3
903 1324 1015 1389 ‘Ecce
1037 1345 1129 1389 nunc
1147 1332 1234 1389 tem-

182 1445 248 1507 pus
274 1426 498 1508 acceptabile,
523 1426 613 1490 Ecce
643 1444 734 1489 nunc
756 1425 830 1489 dies
857 1426 980 1489 salutis
992 1424 1010 1490 ε’
1035 1433 1069 1490 et
1095 1427 1233 1505 iterum,

182 1526 301 1590 ‘Dum
326 1532 463 1609 tempus
486 1526 651 1591 habemus
673 1545 855 1608 operemur
880 1527 1008 1590 bonum
1032 1527 1076 1590 ad
1103 1546 1235 1605 omnes,

183 1627 334 1691 maxime
359 1635 476 1692 autem
501 1627 545 1691 ad
571 1626 778 1690 domesticos
801 1624 902 1690 fidei?
953 1626 1047 1705 Quid
1069 1628 1164 1691 aliud
1192 1630 1235 1693 de

182 1728 371 1792 uisibilium
402 1734 507 1811 atque
536 1728 743 1792 caducarum
774 1727 969 1809 praesentis
999 1728 1094 1792 uitae
1125 1728 1235 1793 fortu-

182 1847 303 1892 narum
315 1829 430 1906 rebus,
441 1847 531 1911 quae
543 1828 794 1893 interueniente
808 1827 945 1891 debitae
954 1828 1075 1893 mortis
1086 1827 1234 1894 articulo

182 1928 337 1993 funditus
353 1935 577 2006 euanescunt,
591 1929 743 1993 habituri
759 1946 878 1992 sumus
893 1927 960 1992 nisi
973 1936 1014 1992 ut
1026 1930 1236 1994 emolumen-

184 2029 229 2093 tis
244 2031 412 2094 bonorum
428 2036 568 2094 actuum
584 2037 760 2093 aeternam
783 2036 819 2092 et
838 2029 1155 2109 inmarcessibilem,
1170 2031 1235 2096 deo

182 2129 408 2212 suffragante,
425 2131 546 2208 uitam,
560 2131 596 2193 in
612 2137 782 2213 quantum
799 2147 983 2211 possumus
999 2132 1144 2195 mercari
1160 2139 1235 2195 stu·

183 2230 337 2295 deamus.
387 2231 506 2295 Sermo
518 2231 609 2294 enim
624 2231 698 2294 sine
712 2230 963 2311 scripturarum
977 2232 1081 2295 serris
1098 2230 1235 2297 difficile

182 2337 355 2409 seruatur,
377 2330 438 2396 sed
460 2352 561 2397 omne
584 2330 677 2414 quod
707 2331 873 2394 obliuioni
898 2331 1048 2396 traditur
1069 2335 1235 2397 memoria

184 2431 323 2496 labitur.
357 2431 442 2496 Ideo
459 2452 542 2514 ergo
555 2432 754 2515 prudentes,
770 2439 806 2495 et
816 2431 943 2515 quique
958 2433 1133 2515 sapientes
1147 2452 1233 2516 quo-

183 2551 261 2594 rum
283 2534 391 2597 uerba
414 2541 449 2597 et
476 2535 584 2616 probe
611 2541 710 2597 actus
740 2533 925 2596 memoriae
950 2533 987 2595 in
1015 2535 1235 2599 membranae

183 2632 333 2696 scedulis
348 2634 526 2698 literarum
543 2633 685 2712 notulis,
703 2632 869 2716 prouidae
886 2634 1011 2698 mentis
1028 2635 1231 2716 sagacitate,

183 2733 342 2797 sollerter
368 2734 606 2799 commendare
634 2735 759 2810 solent,
784 2754 828 2798 ne
850 2734 1059 2818 quandoque
1084 2743 1234 2800 uentura

183 2834 386 2916 progenium
406 2836 592 2918 posteritas
615 2836 651 2899 in
675 2835 828 2918 aliquam
851 2835 1130 2918 praecedentium
1145 2835 1233 2901 diffi-

182 2935 352 2999 nitionum
378 2936 561 3000 obliuionis
594 2955 712 3012 causa,
744 2937 913 3018 superbae
944 2938 1235 3020 praesumptionis

182 3034 467 3118 disceptationem
484 3056 662 3120 erumpere
677 3036 806 3100 ualeat.
859 3035 954 3100 Hinc
968 3044 1022 3100 est
1038 3038 1128 3101 enim
1142 3040 1235 3122 quod

182 3155 248 3218 ego
272 3136 454 3219 Eadgarus
477 3138 585 3202 totius
609 3135 767 3201 Albionis
795 3137 958 3214 basileus
984 3140 1232 3204 monasterium

183 3235 275 3318 quod
297 3238 489 3302 stabilitum
504 3239 540 3302 in
560 3239 675 3302 insula
698 3245 752 3302 est
776 3258 866 3320 quac
888 3257 910 3301 a
935 3238 1086 3303 solicolis
1107 3240 1235 3306 celebri

184 3335 251 3418 Ely
273 3346 493 3420 nuncupatur
514 3347 687 3416 onomate,
707 3358 784 3402 cum
810 3339 899 3403 binis
922 3346 1023 3403 extra
1039 3339 1233 3422 praefatam

181 3436 331 3500 insulam
346 3438 528 3502 territoriis
542 3458 632 3521 quae
656 3439 735 3515 hiis,
758 3459 801 3503 ex
825 3458 932 3517 more,
954 3440 1156 3504 uocitantur
1170 3462 1233 3507 no·

183 3536 344 3614 minibus,
375 3538 604 3602 Meldeburna
630 3545 665 3603 et
694 3539 972 3622 Earmingaford,
1002 3560 1066 3623 pro
1099 3542 1234 3607 uicaria

183 3637 272 3701 ruris
299 3638 503 3716 mutatione,
524 3639 616 3722 quod
639 3639 831 3721 Hertingas
853 3640 989 3717 dicitur,
1007 3638 1234 3722 AEbelwoldo,

182 3738 371 3801 uenerabili
386 3739 488 3803 ualde
504 3741 579 3804 uiro
593 3739 855 3824 Wyntoniensis
870 3741 1031 3805 uidelicet
1044 3742 1234 3808 aecclesiae

183 3838 344 3914 antistiti,
374 3848 542 3922 perpetua
564 3840 712 3923 largitus
734 3860 810 3905 sum
834 3841 1058 3919 haereditate,
1082 3849 1123 3906 ut
1150 3844 1232 3909 dum

183 3937 258 4001 uita
271 3937 427 4020 fungitur
449 3941 579 4023 sospite
601 3942 788 4023 possideat,
809 3947 845 4006 et
872 3942 1013 4007 euoluto
1036 3942 1130 4007 uitae
1154 3965 1232 4009 cur-

182 4038 304 4115 riculo,
328 4040 384 4103 cui
408 4042 557 4106 uoluerit
587 4041 725 4106 haeredi
753 4042 978 4126 derelinquat.
1032 4042 1098 4108 Cui
1123 4047 1232 4110 enim·

182 4157 266 4202 uero
287 4139 397 4205 libens
420 4143 628 4207 mutuationi
655 4163 716 4226 per
734 4150 844 4207 totam
866 4143 1058 4227 praefatam
1080 4145 1231 4212 insulam
