2858 4890
444 350 617 400 canaria
638 351 982 401 arcnosixomcnn.
1172 340 1238 404 175

183 507 285 585 rodit,
322 507 384 591 qni
415 509 612 574 rationabili
649 510 826 574 hominum
859 516 1038 573 creaturae
1070 517 1110 574 ut
1147 512 1239 576 mala

183 608 361 686 amittens,
397 608 489 673 bona
519 611 753 692 perseueranti
791 609 859 673 fine
888 617 1045 691 peragat,
1085 610 1237 693 piissime

183 708 321 785 suadet,
360 727 401 771 ac
441 710 567 773 terreni
598 709 685 774 lucri
717 709 897 774 commoda
933 710 1014 792 polo
1053 711 1238 775 recondere

183 807 451 872 misericorditer
478 810 574 872 iubet
600 810 651 872 ita
677 808 940 891 promulgando,
969 809 1099 886 dicens,
1121 808 1237 874 ‘The-

184 908 359 972 saurizate
400 907 499 972 uobis
539 909 719 973 thesauros
755 910 792 972 in
829 904 984 984 coelum,’
1022 916 1057 973 et
1092 910 1236 992 reliqna.

185 1007 323 1071 Tantae
343 1007 452 1088 igitur
472 1008 591 1071 mundi
608 1008 833 1090 redemptoris
850 1009 1028 1072 doctrinae
1045 1028 1114 1072 non
1131 1011 1239 1074 inme-

186 1127 273 1184 mor,
283 1127 350 1188 ego
357 1105 514 1172 AEdelred
530 1108 702 1190 quandam
719 1108 808 1171 ruris
826 1108 1032 1190 particulam
1048 1125 1123 1173 ΝΗ.
1142 1112 1237 1175 uide·

185 1206 267 1271 licet
303 1216 458 1272 cassatos
486 1208 565 1272 loco
596 1209 656 1291 qui
686 1216 769 1272 noto
814 1216 1034 1290 nuncupatur
1067 1211 1237 1276 uocabulo

187 1306 440 1384 Hamanfunta,
469 1309 571 1372 beato
605 1307 711 1372 Petro
744 1308 980 1390 apostolorum
1021 1309 1168 1391 principi
1202 1320 1237 1375 et

185 1406 404 1489 co-apostolo
428 1408 502 1471 eius
526 1406 638 1473 Paulo
665 1407 710 1471 ad
739 1427 822 1470 usus
851 1408 1094 1472 monachorum
1117 1409 1153 1472 in
1180 1430 1238 1474 ue·

186 1514 283 1570 tusto
298 1506 493 1571 Wentanao
526 1507 680 1571 ciuitatis
707 1508 916 1572 monasterio
944 1509 1155 1590 degentium,
1179 1529 1238 1574 ae-

187 1614 288 1671 terna
316 1606 462 1688 largitus
490 1625 567 1670 sum
589 1606 812 1684 haereditate,
837 1627 878 1671 eo
904 1617 1019 1672 tamen
1042 1616 1172 1685 tenore,
1198 1619 1238 1674 nt

186 1706 293 1771 uidua
326 1726 416 1788 quae
446 1707 551 1771 tercia
584 1716 664 1789 post
683 1706 889 1787 Wicgarum
921 1707 1041 1770 haeres
1073 1709 1239 1774 extiterat

187 1808 347 1870 omnibus
362 1807 471 1890 ipsius
492 1807 625 1871 telluris
647 1806 834 1870 commodis
852 1807 1023 1870 uniuersis
1044 1808 1138 1871 uitae
1155 1829 1239 1874 suae

186 1906 308 1970 diebus
333 1906 549 1989 perfruatur3
582 1914 618 1971 et
643 1915 723 1988 post
742 1907 871 1970 obitum
893 1907 967 1969 eins
984 1926 1061 1970 cum
1080 1910 1238 1974 omnibus

186 2006 365 2089 praefatae
388 2012 499 2071 terrae
527 2005 644 2083 lucris,
666 2014 705 2070 ut
730 2007 807 2088 ipsa
832 2005 970 2070 domino
994 2015 1112 2071 nostro
1132 2008 1238 2073 Ihesu

188 2105 329 2170 Christo
357 2113 512 2185 uouerat,
530 2126 600 2170 non
623 2107 859 2189 temporaliter
875 2107 965 2170 sicut
981 2106 1153 2189 Witharo
1175 2111 1238 2173 mi·

186 2205 241 2271 liti
257 2204 438 2270 AEdelstan
455 2225 517 2270 rex
533 2206 733 2289 temporalis
754 2213 982 2283 concesserat,
1000 2208 1060 2271 sed
1084 2216 1237 2274 aeterna-

186 2306 267 2370 liter
294 2304 433 2371 Christo
465 2306 539 2387 regi
566 2314 706 2371 aeterno
734 2327 811 2371 cum
843 2315 1039 2372 coaeterno
1072 2317 1170 2390 patre
1203 2319 1238 2375 et

187 2405 313 2489 spiritu
340 2413 463 2470 sancto
485 2406 612 2489 ubique
635 2408 807 2489 regnanti,
830 2416 870 2471 ut
896 2409 1070 2485 conuenit,
1085 2408 1237 2475 deuotis-

188 2508 275 2569 sime
292 2505 506 2570 restituatur.
559 2506 612 2570 Sit
626 2514 739 2571 autem
757 2506 949 2589 praefatum
972 2527 1030 2570 rus
1057 2511 1150 2572 omni
1167 2517 1235 2574 ter·

188 2625 292 2670 renae
319 2607 496 2670 seruitutis
523 2607 606 2688 iugo
633 2606 790 2684 liberum,
817 2608 927 2671 tribus
961 2610 1127 2690 exceptis,
1161 2619 1238 2674 rata

188 2707 350 2770 uidelicet
362 2706 591 2788 expeditione,
609 2708 724 2789 pontis
742 2708 876 2771 arcisue
894 2709 1155 2773 restauratione.
1200 2710 1237 2773 Si

189 2807 268 2889 quis
301 2812 417 2870 autem
447 2806 618 2871 laruarico
642 2807 827 2871 instinctus
856 2807 981 2889 spiritu
1010 2808 1075 2872 hoc
1108 2809 1237 2873 donum

189 2907 324 2970 uiolare
343 2914 649 2989 praesumptuosus
671 2908 903 2990 temptauerit,
922 2908 988 2970 nisi
1011 2908 1117 2990 digna
1136 2910 1237 2972 satis·

188 3006 338 3072 factione
357 3012 439 3070 ante
464 3007 595 3071 obitum
616 3027 717 3071 suum
739 3027 819 3072 rens
842 3007 1062 3090 poenituerit,
1089 3011 1238 3073 aeternis

187 3106 344 3170 barathri
359 3112 554 3189 prostratus
571 3106 749 3186 inccndiiS,
771 3127 848 3172 cum
867 3106 958 3171 Iuda
973 3107 1102 3172 Christi
1124 3109 1240 3191 prodi-

189 3214 264 3272 tore
281 3205 501 3271 aeternaliter
516 3207 673 3289 lugubris
690 3209 862 3291 puniatur.
902 3208 971 3271 His
989 3209 1090 3272 metis
1104 3209 1239 3291 praefa-

188 3313 263 3370 tum
289 3326 350 3370 rus
376 3306 456 3370 hinc
484 3307 563 3371 inde
592 3315 746 3390 gyratur.
813 3307 875 3370 Dis
902 3309 990 3390 synd
1020 3315 1094 3372 dees
1119 3309 1238 3373 landes

190 3396 340 3488 gemffire
373 3413 420 3470 aet
443 3406 717 3472 Hamanfuntan.
777 3407 896 3471 AErest
928 3397 1000 3473 δῶν
1026 3408 1239 3475 Ocaerburna

190 3498 327 3591 fittscyt
356 3526 402 3571 on
436 3496 512 3585 sffi3
556 3506 625 3572 uaet
653 3500 726 3590 supp
758 3508 909 3588 andlang
930 3507 1166 3573 Oceerburnan
1200 3502 1238 3575 t6

188 3607 335 3690 halogan
357 3626 501 3670 maersce
534 3596 804 3685 easteweardan,
833 3607 985 3689 andlang
1009 3600 1154 3686 brdcaes,
1178 3615 1239 3673 tta-

189 3727 258 3772 non
281 3708 366 3771 ofoer
392 3705 436 3770 da
460 3696 561 3772 stro‘et
580 3715 626 3772 aet
642 3708 908 3789 Utelanbricge3
936 3715 1064 3773 aaenna
1087 3710 1171 3772 osaer
1196 3709 1240 3773 da

188 3797 290 3872 strffit
302 3796 408 3872 twam
424 3806 487 3870 laes
497 3805 538 3871 de
553 3808 681 3892 pryttig
698 3809 809 3892 gyrda
825 3827 833 3887 3
860 3808 1012 3888 andlang
1029 3810 1239 3873 burnstowae

187 3913 324 3972 daennae
340 3896 413 3972 aar
428 3897 505 3972 east
521 3897 559 3971 to
579 3916 702 3972 stucan
718 3909 802 3973 wisc
820 3915 866 3972 aet
878 3915 979 3972 cane
998 3909 1237 3988 mearcbeorh3

186 4006 308 4073 donnae
345 4006 497 4089 andlang
529 4005 627 4091 pallae
653 4030 700 4073 on
728 3999 879 4095 pernwic
909 3997 1164 4073 eastaeweardae
1201 4001 1239 4074 t6

187 4097 271 4173 darn
295 4099 429 4173 hwitan
457 4115 606 4189 stoccae3
634 4107 756 4174 donnae
780 4110 820 4173 cf
837 4099 919 4173 cam
950 4099 1083 4173 hwitan
1113 4117 1240 4173 stoccae
