2858 4890
444 382 618 432 cererin
641 383 984 433 ANGLOSAxochR.
1184 367 1251 438 233

182 539 334 622 beorbge
369 559 414 604 on
446 538 597 603 laserean
615 540 741 616 beorh;
767 541 807 605 of
825 541 977 606 lafercan
992 541 1143 624 beorbge
1167 543 1185 605 ei
1212 542 1245 606 bi

182 640 262 704 eim
291 659 383 704 aeera
407 639 555 704 beifdan
582 638 650 706 beet
683 660 729 706 on
761 642 990 726 scyttanfaem
1024 642 1065 706 of
1090 650 1247 727 scyttan·

183 739 297 804 faenne
320 738 389 804 eaet
413 760 459 805 on
481 739 639 823 Gyting3
664 741 818 824 ondlang
839 747 912 806 beet
938 741 1054 806 eston
1072 741 1245 825 Gytinges

184 840 330 924 ffiwylm.
355 839 1245 908 Annodominicaeinearnationisneocenxxxvn.

184 942 317 1023 scripta
336 948 390 1005 est
405 948 441 1006 et
458 942 682 1006 corroborata
703 943 790 1006 haee
807 942 955 1020 cartula,
972 945 1037 1006 sub
1055 943 1246 1027 adstipula-

186 1043 282 1106 tione
312 1042 481 1106 clerorum
515 1042 702 1106 illustrium
733 1043 769 1105 in
799 1042 916 1106 eodem
947 1044 1156 1108 monasterio
1188 1045 1249 1108 de·

186 1142 356 1225 gentium,
378 1161 525 1226 quorum
549 1149 714 1207 onomata
736 1142 791 1206 bic
813 1142 904 1206 infra
923 1144 1034 1208 erucis
1056 1144 1247 1209 dominicae

188 1244 290 1326 signo
309 1249 572 1325 praenotantur.

242 1345 283 1426 ›1‹
306 1343 383 1426 Ego
413 1342 613 1408 Osuueldus
643 1342 878 1426 archipraesul
910 1345 1067 1408 consensi
1095 1352 1130 1409 et
1164 1346 1247 1408 sub·

187 1443 320 1526 scripsi.
376 1445 417 1526 ›1‹
434 1443 511 1526 Ego
528 1443 714 1508 AErtelsten
737 1444 879 1526 primus.
948 1446 987 1526 ›1‹
1005 1445 1082 1526 Ego
1098 1445 1246 1525 AElfsige

187 1546 379 1628 presbyter.
447 1546 486 1626 ›1‹
504 1545 581 1627 Ego
599 1543 740 1625 Eadgar
756 1545 945 1628 presbyter.
1003 1547 1042 1626 *1⁴
1060 1544 1136 1626 Ego
1151 1546 1245 1610 Wis-

188 1654 247 1708 tan
271 1646 463 1728 presbyter.
519 1648 558 1727 *1⁴
574 1644 650 1727 Ego
663 1644 842 1725 AE’belsige
865 1646 1055 1727 presbyter.
1112 1646 1151 1726 ›1‹
1169 1645 1245 1728 Ego

189 1745 374 1809 AE'eelstan
393 1746 581 1829 presbyter.
638 1745 677 1825 ›1‹
693 1745 769 1826 Ego
784 1743 943 1826 Godingc
957 1746 1134 1809 diaconus.
1201 1749 1240 1828 ᾖ

189 1846 266 1927 Ego
279 1845 445 1911 Leofstan
462 1845 640 1910 diaconus.
697 1848 736 1927 *1⁴
752 1845 1051 1926 EgoWulfweard
1069 1845 1245 1911 diaconus.

194 1948 233 2028 ›1‹
257 1946 334 2028 Ego
349 1945 504 2010 AE’belrie
531 1945 708 2010 diaeonus,
780 1947 819 2026 *1⁴
839 1946 914 2028 Ego
934 1945 1123 2029 Cynobeng
1148 1945 1247 2010 cleri-

190 2066 262 2110 cus,
330 2050 369 2129 *1⁴
388 2046 465 2128 Ego
480 2044 643 2128 Wulfgar
664 2045 819 2109 clericus.
888 2048 927 2127 *1⁴
945 2046 1020 2128 Ego
1036 2045 1130 2109 Oswi
1148 2067 1246 2110 mon·

151 2178 153 2181 v
189 2147 310 2211 aebns.
367 2148 406 2228 ›1‹
428 2147 504 2228 Ego
522 2145 696 2210 Leofwine
718 2145 919 2210 monachus
990 2149 1029 2228 *1⁴
1044 2146 1246 2227 EgOWuls·

190 2247 238 2310 ric
255 2247 411 2312 clericus.
469 2248 508 2328 ›1‹
523 2246 600 2328 Ego
616 2243 782 2311 Wulfnob
798 2247 953 2310 clericus,
1010 2248 1049 2327 *1⁴
1067 2247 1143 2327 Ego
1168 2294 1176 2310 .
1202 2295 1210 2311 .
1237 2295 1244 2312 .

190 2394 337 2414 .....
395 2348 434 2428 ›1‹
454 2347 531 2429 Ego
546 2346 736 2411 Wulfwine
761 2347 918 2411 clericus,

238 2445 371 2511 Bebrio.
423 2448 487 2512 AEt
510 2437 721 2512 Codestsrne.
739 2446 944 2513 AEbelmnnd
963 2445 1031 2510 and
1052 2446 1244 2511 Wnlfbelm

190 2547 258 2611 and
277 2537 422 2612 AElfnee
438 2547 506 2613 and
525 2546 706 2612 Godwine.

639 2786 814 2853 DCLXI.

563 2895 784 3006 oswino,
809 2927 886 2993 987.

244 3048 284 3129 ›1‹
304 3045 512 3110 RnoNANrn
535 3047 571 3109 in
595 3053 799 3129 perpetuum
825 3045 965 3109 domino
991 3052 1110 3111 nostro
1139 3047 1245 3110 Ihesu

189 3146 343 3223 Christo,
365 3146 464 3209 cuius
497 3145 746 3210 incarnationis
772 3144 944 3209 humanae
970 3146 1052 3209 anni
1078 3146 1245 3211 laterculo

191 3262 508 3312 rnceecnxxxvu.
531 3245 718 3310 indictione
747 3266 831 3310 uero
859 3263 934 3310 nv,
960 3266 1026 3327 ego
1047 3246 1247 3310 Osuualdus

189 3346 483 3430 archiepiscopus,
492 3365 570 3410 oum
586 3347 727 3411 licentia
740 3346 833 3409 illius
845 3346 996 3410 familiae
1010 3366 1099 3428 qnae
1112 3347 1181 3411 sita
1192 3357 1245 3412 est

190 3449 226 3512 in
243 3447 586 3528 Wiogurnaeeastre,
610 3452 738 3510 terram
757 3462 803 3509 Ν.
821 3447 1046 3523 manentium,
1071 3448 1130 3510 ubi
1160 3449 1248 3511 ruri·

190 3549 260 3613 culi
288 3546 470 3611 Goldhora
500 3546 631 3623 dicunt,
655 3545 860 3612 Leofwardo
886 3546 978 3609 fideli
1002 3567 1079 3610 meo
1104 3548 1243 3625 bomini,

98 3628 103 3647 ⁸
189 3647 360 3714 tradendo
376 3646 540 3723 concedo,
557 3645 621 3709 sibi
639 3646 712 3709 dies
729 3665 810 3711 suos
827 3646 1094 3728 perfruendum
1115 3655 1150 3711 et
1165 3657 1266 3732 post,

189 3769 226 3815 se
250 3749 313 3812 uni
337 3746 479 3811 haeredi
496 3747 714 3824 tradendum,
731 3766 773 3810 ea
788 3753 904 3810 tamen
921 3747 1117 3811 conditione
1139 3747 1246 3812 inter-

189 3849 317 3933 posita,
341 3853 383 3911 ut
406 3847 483 3929 ipse
509 3846 593 3910 mihi
625 3847 782 3910 subditus
813 3847 871 3924 sit,
902 3847 962 3930 qui
1000 3855 1082 3910 tunc
1118 3855 1245 3913 terram

189 3944 510 4029 babeat,quan1din
533 3946 692 4022 uixerim,
714 3954 750 4010 et
774 3966 910 4030 semper
932 3966 1111 4030 possessor
1134 3958 1246 4014 terrae

189 4051 281 4114 illius
298 4047 423 4112 reddat
440 4047 607 4112 tributum
631 4046 934 4124 aecclesiasticum,
950 4048 1042 4129 quod
1063 4049 1247 4116 circ-sceat

191 4151 317 4216 dieitur
344 4154 383 4212 to
408 4147 603 4229 Pirigtnne,
637 4155 672 4211 et
698 4148 795 4211 omni
820 4167 911 4211 anno
941 4168 1031 4211 unus
1059 4168 1143 4230 ager
1166 4149 1245 4215 inde
