2858 4890
387 365 560 413 conaris
583 364 926 414 anonosnxomcnn.
1117 351 1181 413 151

128 514 388 598 horrendaeque
411 519 530 582 mortis
555 519 785 601 circumsepta
812 520 1008 599 latratibus,
1030 539 1119 602 qnae
1144 522 1180 584 in

128 616 231 678 huius
256 616 427 680 incolatus
451 618 565 700 patria
585 617 794 682 christianae
822 620 980 701 religioni
1003 621 1178 685 subiectos

128 734 348 797 nequaquam
372 735 510 780 securos
527 715 652 798 degere
669 718 798 794 sinunt,
822 720 883 782 sed
907 720 1007 801 quasi
1031 721 1179 783 soetidae

128 815 346 896 corruptelae
362 815 398 878 in
416 817 614 896 uoraginem
632 835 773 880 casuros
789 819 965 884 incitando
986 827 1179 900 prouocant

128 913 313 978 libidinoso
334 915 590 996 miserrimoque
615 915 746 979 saeculi
762 918 941 999 appetitu;
964 918 1178 1000 piaculorum

127 1015 248 1095 itaque
265 1020 439 1077 auctorem
452 1033 530 1078 cum
546 1015 704 1078 omnibus
721 1018 856 1097 pompis
872 1018 946 1080 eins
962 1023 1037 1081 toto
1055 1018 1179 1081 mentis

129 1113 311 1177 conamine
340 1132 410 1176 non
444 1113 557 1177 solum
589 1114 820 1196 despiciendo,
856 1115 917 1178 sed
949 1117 1053 1179 etiam
1081 1116 1179 1180 uelut

127 1211 345 1275 fastidiosam
368 1212 593 1277 melancoliae
622 1232 786 1278 nauseam
811 1215 1041 1278 abominando
1066 1214 1177 1296 lugia-

127 1331 217 1388 muS,
235 1319 398 1376 canentes
417 1311 537 1377 mundi
552 1311 687 1392 fragilis
702 1331 904 1395 prosperum
920 1333 1117 1391 excursum,
1134 1335 1178 1378 ne

130 1411 237 1474 nimio
263 1411 336 1474 eius
366 1430 484 1474 amore
508 1411 633 1475 irretiti
664 1411 895 1493 apostatando
923 1433 945 1476 a
973 1413 1101 1477 domini
1124 1413 1177 1476 lu-

128 1509 284 1591 gubriter
308 1510 508 1575 recedamus
530 1511 726 1587 clementia,
748 1511 833 1574 illud
865 1510 986 1575 sedulo
1011 1513 1177 1577 rimantes

128 1609 379 1692 propheticum,
405 1608 583 1674 ‘Diuitiae
607 1611 638 1673 si
669 1609 824 1687 affluant,
854 1611 961 1675 nolite
983 1630 1042 1674 cor
1070 1630 1178 1693 appo-

130 1707 235 1772 nere.'
294 1707 517 1791 Quapropter
532 1709 651 1772 infima
676 1710 778 1792 quasi
803 1710 996 1792 peripsema
1021 1710 1178 1791 quisqui-
1289 1727 1306 1741 ‘

129 1808 254 1875 liarum
270 1808 447 1885 abiiciens,
465 1827 616 1891 superna
632 1807 677 1871 ad
697 1809 809 1872 instar
822 1810 1054 1890 preciosorum
1069 1811 1178 1872 moni-

129 1908 214 1970 lium
242 1907 384 1987 eligens,
407 1908 559 1971 animum
585 1907 804 1990 sempiternis
834 1909 869 1970 in
893 1908 1029 1988 gaudiis
1055 1908 1177 1990 figens,

129 2007 175 2070 ad
197 2006 452 2088 adipiscendam
476 2006 662 2071 mellifluae
684 2006 874 2070 dulcedinis
896 2006 1177 2086 misericordiam,

129 2106 438 2189 perimendamque
468 2106 624 2171 infinitae
648 2106 802 2170 laetitiae
830 2106 1088 2184 iocunditatem,
1112 2127 1177 2189 ego

131 2206 272 2287 Eadgar
294 2226 356 2288 per
371 2205 635 2288 omnipatrantis
655 2205 833 2269 dexteram
850 2206 958 2269 totius
976 2206 1178 2271 Britanniae

128 2307 228 2389 regni
250 2305 338 2370 solio
361 2305 579 2382 sublimatus,
594 2304 768 2387 quandam
791 2305 881 2367 ruris
905 2305 1119 2386 particulam,
1142 2307 1178 2370 id

128 2414 183 2471 est
200 2421 311 2470 .xxx.
329 2423 469 2468 mansas
489 2404 566 2468 loco
589 2405 648 2486 qui
665 2403 791 2467 celebri
814 2411 860 2467 aet
878 2405 1072 2468 Fearnham
1089 2426 1178 2468 nnn-

128 2513 277 2587 cupatur
295 2511 468 2580 onomate,
482 2504 679 2585 praedictae
696 2504 916 2585 episcopatus
931 2504 1116 2568 cathedrae
1133 2506 1178 2569 ob

128 2613 271 2671 sanctae
296 2602 473 2680 trinitatis,
496 2602 799 2685 apostolorumque
815 2603 913 2666 Petri
936 2612 971 2668 et
991 2604 1094 2667 Pauli
1125 2624 1179 2668 re·

129 2705 320 2771 uerentiam
348 2710 490 2766 aeterna
512 2702 685 2778 libertate,
720 2704 772 2766 uti
804 2703 927 2784 priscis
953 2701 1036 2767 data
1065 2702 1178 2768 suerat

129 2805 354 2888 temporibus,
393 2802 591 2866 renouando
634 2801 756 2865 humili
794 2801 940 2866 restituo
982 2803 1177 2868 deuotione.

130 2905 236 2970 Hanc
258 2905 378 2985 itaque
392 2902 586 2966 libertatem
604 2900 781 2983 praelatus
805 2901 963 2983 pontifex
981 2901 1176 2965 AEselwold

127 3005 256 3070 domini
273 3009 479 3087 cooperante
495 3002 609 3083 gratia
630 3020 708 3064 cum
730 3020 858 3083 magna
875 3001 1023 3064 obtinuit
1040 3000 1176 3064 hnmili-

127 3112 211 3170 tate.
278 3104 332 3167 Sit
353 3101 461 3184 igitur
477 3100 634 3182 praefata
657 3108 761 3178 terra,
784 3120 862 3163 cum
887 3101 1045 3163 omnibus
1070 3100 1114 3162 ad
1138 3120 1175 3164 se

127 3207 193 3269 rite
208 3202 469 3287 pertinentibus,
485 3200 579 3264 omni
596 3208 751 3264 terrenae
766 3200 944 3264 seruitutis
962 3201 1043 3280 iugo
1057 3199 1175 3277 libera,

127 3305 238 3368 tribus
270 3300 437 3383 exceptis,
478 3307 556 3364 rata
592 3299 752 3363 uidelicet
789 3299 1021 3380 expeditione,
1060 3301 1177 3379 pontis

127 3405 261 3468 arcisue
287 3400 551 3466 restauratione.
606 3399 644 3463 Si
667 3400 745 3481 quis
771 3398 899 3462 diaboli
924 3398 1064 3462 hortatu
1087 3397 1176 3462 hanc

127 3510 281 3569 nostram
303 3502 456 3566 minuere
477 3501 745 3582 praesumpserit
768 3498 974 3576 libertatem,
993 3499 1177 3563 anathema

127 3606 184 3669 sit.
