2858 4890
436 378 610 427 curares
631 377 972 428 eucnosexomcrn.
1174 363 1238 431 331

182 533 277 597 sione
297 539 334 597 et
348 533 453 617 culpa
473 534 637 616 exigente
660 534 705 598 ad
724 554 855 617 poenas
877 537 1093 600 consociaret
1108 537 1236 618 gehen·

183 632 292 710 nales,
309 633 384 698 eius
404 633 557 698 tumidae
574 635 619 698 ab
636 634 735 699 initio
758 634 1017 719 satellitumque
1035 638 1237 719 conspiran-

181 733 267 796 tium
293 740 520 816 praeparatas
536 733 691 810 elationi,
707 734 816 799 donec
833 736 954 800 unicus
977 738 1108 800 aeterni
1128 737 1238 819 patris

182 833 369 914 uerbigena
392 834 590 899 substantia
615 834 735 898 dolens
763 836 895 916 perisse
927 856 1017 919 quae
1040 856 1124 900 suae
1151 838 1237 900 ima—

182 932 368 1014 ginebatur
397 934 626 1012 similitudini,
656 935 821 1018 mysterio
852 937 1029 1000 secretiori
1053 937 1090 999 in
1115 936 1239 1001 ultima

182 1033 313 1097 saeculi
340 1041 456 1098 aetate
480 1034 638 1116 uirginea
665 1054 742 1100 sese
776 1054 879 1099 carne
900 1036 1044 1112 uetaret,
1071 1055 1112 1100 ac
1134 1056 1238 1101 uerus

183 1133 268 1197 deus
284 1152 457 1216 uerusque
475 1133 578 1198 homo
602 1134 694 1198 inter
714 1133 870 1199 homines
891 1135 966 1200 sine
984 1137 1118 1218 peccati
1144 1156 1238 1201 mac·

181 1233 242 1297 ula
263 1233 301 1296 in
324 1252 493 1316 personae
518 1241 784 1299 conuersaretur
800 1236 954 1301 unitate:
978 1235 1084 1319 idque
1117 1255 1238 1319 super-

183 1353 265 1397 num
285 1332 470 1398 concilium
493 1334 630 1398 inimico
651 1335 840 1400 intantum
858 1336 1048 1412 celabatur,
1069 1343 1108 1399 ut
1126 1337 1238 1418 ipsum

184 1432 280 1514 gula,
297 1452 391 1498 uana
404 1434 528 1516 gloria,
544 1434 706 1510 auaritia,
723 1435 849 1517 quibus
871 1437 976 1499 armis
989 1437 1138 1519 primum
1159 1457 1240 1520 pru·

185 1540 312 1598 straret
325 1533 509 1611 hominem,
521 1533 665 1615 adgredi
683 1554 753 1599 non
769 1533 957 1614 diffideret3
988 1543 1172 1600 autumans
1187 1536 1240 1619 ip-

184 1652 260 1697 sum
288 1635 348 1716 qui
375 1634 481 1698 totius
507 1635 673 1699 bonitatis
706 1635 784 1698 fons
817 1642 991 1717 caputque
1028 1643 1083 1700 est
1113 1635 1239 1718 laqueo

184 1733 324 1817 iniquae
354 1753 458 1816 posse
489 1734 616 1799 irretiri
652 1735 983 1817 praeuaricationis3
1021 1735 1083 1799 sed
1120 1754 1240 1799 sacrae

184 1835 377 1917 scripturae
402 1834 600 1900 testimonio
626 1835 729 1899 tertio
760 1835 805 1899 ab
831 1834 909 1918 ipsa
941 1836 1241 1900 transuerberatus

186 1935 346 2010 ueritate,
384 1935 524 1999 umbras
562 1934 676 1999 denuo
708 1934 823 1999 uictus
862 1935 1006 2018 repedat
1033 1935 1237 2010 infernalem

186 2033 266 2098 huic
306 2041 447 2099 nostrae
484 2035 618 2099 auctori
646 2034 771 2098 salutis
797 2054 879 2099 mox
906 2036 1093 2099 famulatus
1130 2034 1242 2099 adfuit

186 2133 376 2216 angelicus,
411 2135 528 2217 eisque
559 2134 718 2198 omnibus
749 2133 801 2198 ita
839 2142 879 2198 ut
906 2135 1057 2199 diximus
1086 2135 1241 2198 humani-

186 2234 270 2298 tatis
289 2234 435 2311 exactis,
447 2233 570 2298 Ihesus
587 2242 710 2299 sancto
727 2234 876 2299 refectus
892 2243 1088 2318 pneumate,
1102 2234 1239 2316 sapien-

187 2335 236 2399 tia
262 2341 378 2399 aetate
398 2333 580 2418 proficiens
604 2342 639 2400 et
663 2335 779 2417 gratia
799 2335 1051 2399 medicamenta
1070 2343 1241 2399 restaura·

186 2434 290 2499 tionis
325 2434 498 2499 humanae
530 2434 593 2498 tali
619 2435 777 2517 protinus
803 2437 983 2518 proposuit
1011 2434 1241 2513 institutione,

187 2533 485 2612 ‘Poenitentiam,'
502 2533 674 2618 inquiens,
691 2535 820 2615 ‘agita
841 2536 1133 2618 appropinquabit
1150 2536 1240 2599 enim

186 2654 329 2717 regnum
345 2633 540 2699 coelorum'
591 2633 761 2717 Haecque
783 2642 819 2699 et
840 2635 910 2699 alia
932 2654 1016 2701 suae
1035 2635 1242 2699 documenta

187 2735 327 2818 pietatis
343 2733 543 2817 multiplicis
558 2733 723 2817 dignatus
736 2741 790 2798 est
802 2734 1005 2800 confirmare
1020 2735 1130 2816 signis
1142 2736 1243 2799 mira·

188 2835 356 2912 culorum,
364 2853 486 2899 caecos
503 2834 740 2911 illuminando,
752 2834 866 2899 surdis
882 2834 1039 2899 auditum
1055 2833 1241 2912 reddendo,

188 2936 293 3000 mutis
323 2934 487 3018 loquendi
514 2933 675 3011 officinm,
696 2934 828 2998 mancis
857 2954 1022 2998 manuum
1043 2933 1242 3013 utilitatem,

176 3035 320 3101 'claudis
344 3033 523 3118 gradiendi
544 3035 819 3118 possibilitatem,
843 3035 1045 3118 paralyticis
1073 3035 1242 3097 membro-

146 3195 151 3202 .
188 3156 263 3200 r-um
294 3136 544 3217 integritatem,
575 3135 722 3218 leprosis
761 3135 914 3217 corporis
953 3134 1242 3211 emundationem,

187 3235 350 3300 lunaticis
380 3234 682 3318 daemoniacisque
720 3235 904 3298 obsensum
930 3235 1069 3312 mentis,
1096 3235 1242 3298 mortuis

189 3337 310 3414 uitam,
316 3335 408 3400 uiuis
423 3336 516 3400 uiam
534 3335 628 3399 uitae
644 3334 840 3398 huiusmodi
856 3336 1037 3398 sententiis
1048 3334 1243 3412 celerando,

189 3435 353 3500 ‘Currite
383 3435 465 3499 dum
498 3434 610 3499 lucem
647 3435 794 3511 habetis,
816 3441 856 3498 ut
887 3455 958 3499 non
989 3437 1151 3501 tenebrae
1179 3455 1244 3499 uos

187 3535 502 3618 comprehendant!
554 3535 803 3600 Uerumtamen
824 3534 934 3599 hostis
955 3535 1088 3599 insidiis
1109 3536 1244 3618 antiqui

187 3635 375 3700 infidelium
391 3635 496 3700 corda
513 3633 720 3700 Iudaeorum
743 3635 835 3699 inter
851 3635 936 3700 hacc
958 3637 1074 3700 omnia
1095 3634 1243 3699 obdura—

188 3741 328 3812 uerunt,
350 3742 390 3800 ut
416 3737 530 3819 ipsum
560 3734 784 3800 mediatorem
814 3735 869 3800 dei
896 3744 931 3800 et
961 3736 1136 3801 hominum
1162 3743 1244 3819 post

187 3836 288 3901 illata
308 3842 344 3900 et
365 3837 493 3919 probra
521 3841 557 3899 et
584 3835 723 3918 flagella
744 3836 837 3899 cruci
863 3835 1014 3918 adfigere
1036 3836 1152 3900 animo
1174 3857 1244 3899 non

189 3937 376 4001 metuerint
398 3942 564 4010 caecato;
589 3936 649 4019 qui
669 3943 785 3999 tamen
809 3954 935 4017 corpus
961 3939 1150 4001 animatum
1175 3944 1242 4000 ter·

190 4037 241 4103 tia
267 4037 324 4103 die
347 4036 606 4120 incorruptibile
634 4037 747 4101 uictor
774 4038 959 4119 resumpsit
989 4044 1024 4102 et
1050 4036 1243 4100 immortale
