2858 4890
453 398 627 448 eninr-nn
649 398 993 448 nnemsaxorucss.
1184 380 1249 446 231

188 558 313 623 terium
328 578 367 624 se
384 557 592 623 ostentando
606 557 791 636 dedicauit,
802 559 987 624 ostendens
1000 579 1038 622 se
1050 558 1152 622 dictis
1168 578 1246 622 uer-

188 659 312 723 borum
337 659 509 741 factisque
529 658 785 736 miraculorum,
803 661 928 742 quibus
951 660 1071 724 deifice
1092 658 1244 742 pollebat

187 758 380 837 domiuum,
402 778 528 823 curans
550 759 703 823 omnium
728 760 920 842 imperante
942 780 1099 824 sermone
1124 779 1244 841 aegro

188 861 364 924 tationem
387 859 536 942 pondus,
564 859 703 924 tandem
729 859 891 942 quadrati
917 880 980 943 pro
1005 861 1103 924 uobis
1129 860 1243 924 ferens

186 960 361 1044 supplicia
382 959 481 1042 ligni,
496 960 615 1041 iugum
637 959 887 1024 haereditariae
909 961 1030 1025 mortis
1052 979 1243 1036 assumens,

185 1060 245 1124 din
263 1062 439 1143 longeque
454 1059 659 1124 interdictae
675 1061 842 1124 reserauit
865 1061 985 1125 limina
1000 1069 1130 1143 portae.
1171 1060 1241 1125 Pro

188 1161 289 1225 cuius
327 1161 568 1224 inenarrabilis
593 1160 726 1242 gloriae
752 1160 1001 1239 recordatione,
1037 1181 1103 1241 ego
1126 1159 1241 1224 AEdel-

186 1261 291 1326 redns
319 1261 436 1344 gratia
458 1260 513 1325 dei
535 1260 753 1337 sublimatae,
776 1282 838 1324 rex
853 1269 889 1326 et
905 1261 1112 1325 monarchus
1135 1262 1242 1326 totius

186 1363 323 1426 insulae
348 1362 562 1438 Britanniae,
592 1360 765 1443 quoddam
794 1362 984 1445 praedium,
1022 1362 1056 1425 id
1085 1371 1139 1427 est
1166 1379 1240 1426 .xn.

186 1481 340 1538 mansas,
364 1481 442 1526 cum
468 1461 578 1544 pratis
596 1461 774 1544 siluisque,
793 1463 886 1545 quod
907 1462 1033 1527 dicitur
1049 1462 1241 1546 Kingtone,

185 1562 251 1628 deo
280 1564 425 1646 eiusque
456 1561 642 1626 uenerabili
670 1563 828 1643 genitrici
853 1583 988 1645 semper
1011 1564 1138 1645 uirgini
1159 1563 1239 1627 Ma·

187 1664 272 1741 riae,
293 1663 339 1726 ad
361 1663 609 1727 monasterium
631 1660 878 1745 Glastingeuse
893 1663 1040 1727 deuotus
1056 1663 1240 1728 admodum

186 1765 221 1827 in
250 1770 455 1847 perpetuam
483 1763 736 1845 possessionem
761 1763 922 1828 donando
957 1763 1106 1842 donaui;
1145 1765 1238 1846 quod

185 1864 325 1948 quidem
352 1862 530 1946 praedium
557 1863 731 1946 quondam
748 1863 907 1929 AElfswib
928 1864 1056 1928 coniux
1072 1863 1239 1946 AElphegi

185 1965 284 2029 ducis
301 1964 409 2046 digno
424 1964 596 2047 plenoque
612 1964 724 2048 pretio
746 1983 768 2028 a
784 1963 1032 2045 gloriosissimo
1049 1984 1130 2045 rege
1145 1964 1237 2028 Ead-

185 2085 284 2148 garo,
299 2083 378 2128 cum
394 2081 467 2129 .xn.
483 2063 562 2147 puri
576 2065 651 2128 auri
668 2064 751 2127 emit
766 2065 948 2128 mancusis.
1002 2065 1107 2129 Hanc
1121 2072 1237 2128 autem

185 2165 379 2248 praefatam
406 2164 627 2228 donationem
657 2165 883 2247 suprascripti
914 2165 1047 2247 praedii
1083 2166 1238 2247 praefato

184 2265 397 2331 monasterio
413 2271 583 2347 perpetua
604 2263 764 2328 libertate
782 2266 948 2343 concessi,
969 2285 1011 2329 eo
1037 2265 1170 2329 scilicet
1186 2272 1237 2328 te-

184 2386 281 2442 nore,
293 2373 334 2429 ut
351 2365 557 2428 uenerabilis
573 2363 700 2428 ibidem
715 2366 823 2428 abbas
837 2385 916 2428 cum
932 2384 1037 2447 grege
1051 2365 1155 2446 digne
1173 2365 1237 2428 deo

185 2466 315 2548 degens
342 2463 469 2528 habeat
500 2483 541 2528 ac
571 2463 759 2546 possideat,
785 2465 950 2546 quamdiu
982 2466 1066 2528 fides
1103 2465 1139 2528 in
1162 2462 1237 2528 An·

184 2566 321 2648 giorum
342 2563 514 2628 catholica
540 2565 766 2647 permanserit
799 2565 909 2648 plebe.
970 2565 1108 2647 Siquis
1132 2565 1239 2645 igitur

183 2666 273 2730 hanc
291 2671 446 2729 nostram
463 2663 681 2728 donatiouem
701 2665 736 2727 iu
755 2664 847 2728 aliud
870 2684 974 2748 quam
996 2666 1238 2729 constituimus

184 2764 371 2830 transferre
386 2765 547 2841 uoluerit,
564 2765 721 2846 priuatus
739 2766 915 2829 consortio
929 2772 1071 2829 sanctae
1088 2764 1142 2828 dei
1160 2784 1237 2829 aec·

185 2865 324 2942 clesiae,
347 2865 496 2929 aeternis
525 2864 679 2928 barathri
707 2864 873 2929 incendiis
898 2866 1025 2946 iugiter
1052 2884 1130 2928 cum
1149 2865 1238 2929 Iuda

187 2964 318 3031 christi
354 2965 530 3047 proditore
562 2963 704 3046 eiusque
741 2965 965 3049 complicibus
999 2964 1174 3048 puniatur,
1206 2966 1236 3028 si

184 3087 252 3130 non
282 3063 520 3129 satisfactione
545 3064 779 3128 emendauerit
809 3084 972 3146 congrua,
997 3066 1088 3147 quod
1116 3071 1237 3127 contra

185 3172 343 3231 nostrum
379 3164 525 3247 deliquit
558 3163 743 3229 decretum.
807 3165 907 3228 Haec
944 3172 1059 3228 autem
1097 3163 1237 3229 scedula

185 3267 316 3348 scripta
342 3273 396 3329 est
418 3283 509 3328 anno
531 3264 576 3327 ab
593 3264 831 3328 incarnatione
853 3264 982 3328 domini
1005 3264 1113 3327 nostri
1132 3263 1236 3327 ihesu

186 3364 316 3431 Christi
344 3381 660 3429 mccccnxxxvn.
679 3362 865 3428 indictione
890 3381 964 3429 .xv.
992 3362 1058 3426 hiis
1092 3365 1237 3428 testibus

183 3464 477 3531 consentientibus
504 3483 652 3546 quorum
679 3464 819 3527 nomina
845 3463 988 3528 iuferius
1010 3463 1141 3545 scripta
1163 3484 1237 3528 cer·

184 3573 324 3631 uuntur.

236 3669 278 3749 q<
301 3664 377 3746 Ego
392 3660 601 3727 AEnelredus
617 3683 677 3726 rex
695 3661 889 3745 Anglorum
912 3661 1015 3726 huius
1041 3663 1237 3728 donationis

181 3766 377 3830 hbertatem
400 3763 497 3845 regni
520 3763 627 3828 totius
645 3762 821 3845 fastigium
841 3769 962 3826 tenens
987 3762 1134 3827 libenter
1157 3784 1238 3827 con-

183 3866 281 3931 cessi.
339 3865 378 3944 *1⁴
395 3863 471 3944 Ego
488 3863 651 3927 Duustan
668 3864 943 3945 archiepiscopus
963 3863 1237 3926 Doroueruensis

184 3965 373 4031 aecclesiae
397 3983 475 4027 cum
496 3965 597 4045 signo
625 3970 766 4026 sanctae
786 3963 898 4025 crucis
923 3963 1136 4026 confirmaui.
1192 3964 1231 4043 *1⁴

186 4067 261 4149 Ego
278 4063 419 4130 Oswald
435 4063 663 4128 Eboracensis
686 4062 838 4127 ciuitatis
868 4062 1101 4146 archipraesul
1127 4065 1239 4126 crucis

187 4174 340 4232 taumate
356 4163 535 4228 annotaui.
