2858 4890
180 348 244 412 100
433 361 606 411 curasan
629 359 974 410 Aucuoslxourclu.

139 536 141 543 ’
182 520 291 584 uitam
306 520 435 583 ducens
453 538 601 602 agonem
618 525 759 582 sanctae
775 516 1051 583 conuersationis
1065 518 1238 583 decentis·

181 621 268 683 sime
291 620 466 702 complens
489 638 530 683 ac
553 618 709 702 putidam
739 618 841 683 huius
864 618 1064 701 fragilitatis
1090 627 1235 683 mortem

182 719 356 796 deserens,
369 720 559 784 membrum
575 719 771 801 tripudians
787 720 941 802 perrexit
958 720 1003 783 ad
1019 724 1128 800 caput
1144 719 1235 802 quod

184 828 237 884 est
270 819 429 884 Christus
466 819 609 883 humani
647 819 783 901 generis
816 818 1026 901 redemptor,
1059 821 1120 901 qui
1157 839 1236 882 cum

185 928 369 984 coaeterno
402 926 502 1003 patre
535 926 570 983 et
601 919 725 1002 spiritu
760 925 882 983 sancto
913 920 1096 1001 utriusque
1129 939 1237 983 sexus

186 1020 312 1084 milites
341 1019 467 1084 infiniti
496 1018 639 1103 tripudii
668 1019 780 1101 gloria
814 1018 1044 1084 beatificando
1079 1029 1237 1085 coronat.

188 1120 259 1184 Hic
282 1139 431 1202 namque
453 1127 573 1185 tantae
595 1125 631 1183 ct
648 1126 721 1183 tam
738 1127 892 1182 secretae
909 1119 1036 1203 quietis
1052 1138 1093 1183 ac
1109 1139 1241 1183 uenus·

187 1221 271 1284 tatis
306 1220 403 1283 locus
434 1220 586 1302 peccatis
615 1221 890 1301 promerentibus
920 1221 1016 1303 prius
1041 1239 1063 1283 a
1089 1221 1239 1303 paganis

187 1327 360 1397 uastatus,
388 1328 423 1384 et
444 1320 503 1383 diu
530 1327 652 1403 postea
678 1319 920 1384 miserabiliter
947 1338 968 1382 a
1001 1321 1239 1385 saecularibus

187 1439 382 1503 possessus,
403 1421 477 1483 sine
498 1419 554 1483 dei
576 1420 718 1484 seruitio
741 1425 776 1483 et
794 1419 1026 1502 spiritualium
1050 1440 1240 1485 conuersa·

189 1521 283 1585 tione
300 1521 476 1584 extiterat.
499 1519 580 1584 Tali
596 1520 704 1601 igitur
720 1526 909 1602 tantaeque
923 1520 1083 1584 miseriae
1099 1521 1239 1603 praefa-

189 1629 246 1684 tus
263 1621 402 1704 praesul
419 1639 633 1704 compassae,
645 1620 839 1684 etinsulam
850 1621 953 1684 unius
965 1621 1129 1685 uidelicet
1140 1641 1241 1684 man·

190 1741 251 1785 sae
273 1722 505 1804 quantitatem
531 1739 553 1783 a
572 1721 722 1802 quadam
744 1720 898 1796 muliere,
916 1740 1006 1803 quae
1020 1728 1104 1786 noto
1120 1720 1243 1785 AEbel·

191 1822 270 1885 fiad
288 1822 507 1886 uocitabatur
530 1828 704 1897 onomate,
720 1841 798 1884 cum
814 1820 1049 1902 quadraginta
1065 1823 1243 1890 mancusis

191 1923 267 1985 auri
290 1923 434 1986 emendo
457 1922 607 1986 obtinuit
630 1927 665 1984 et
687 1919 846 1990 aedificia
869 1921 1117 1985 monachorum
1143 1922 1243 1986 habi·

192 2022 317 2086 tationi
344 2022 586 2086 conuenientia
615 2021 700 2085 inibi
731 2027 947 2098 construens,
970 2021 1174 2086 aecclesiam
1198 2023 1241 2087 nd

191 2122 329 2186 laudem
357 2122 521 2187 trinitatis
550 2140 639 2204 quae
667 2121 703 2183 in
729 2127 912 2186 coaeterna
941 2121 1081 2187 deitatis
1107 2124 1244 2187 unitate

192 2223 352 2287 consistit
363 2223 399 2286 in
414 2223 548 2286 unitate
563 2222 770 2303 tripertitam
787 2229 1002 2298 construens,
1014 2222 1057 2285 ad
1075 2223 1243 2287 sanctita-

193 2323 238 2386 tis
256 2324 454 2386 memoriam
468 2322 572 2385 trium
586 2329 785 2386 sanctorum
798 2341 945 2404 quorum
956 2321 1130 2403 suffragiis
1144 2343 1243 2406 prae-

193 2423 295 2504 cipue
315 2422 521 2499 confidebat,
538 2421 594 2486 dei
610 2422 742 2485 scilicet
764 2421 924 2503 genitrici
948 2442 1155 2506 semperque
1174 2423 1245 2486 uir-

194 2523 267 2603 gini
289 2522 423 2586 Mariae
451 2523 618 2586 orientale
643 2522 764 2585 altaris
788 2523 1037 2604 presbyterium
1065 2523 1243 2601 dedicanS,

194 2622 441 2686 occidentalem
465 2642 548 2687 uero
570 2623 653 2687 cleri
679 2628 714 2686 et
734 2622 854 2705 populi
876 2622 1029 2686 eiusdem
1054 2624 1245 2688 aecclesiae

195 2729 327 2805 partem
350 2723 451 2786 beato
469 2722 575 2787 Petro
593 2723 690 2804 regni
712 2722 886 2786 coelorum
902 2723 1089 2804 clauigero,
1108 2743 1245 2790 necnon

196 2823 431 2905 aquilonarem
447 2824 555 2905 ipsius
572 2822 736 2887 basilicae
751 2823 922 2905 porticum
935 2824 1038 2887 beato
1052 2823 1245 2891 Benedicto

196 2925 348 2987 omnium
372 2924 616 2988 monachorum
640 2931 788 3004 patrono
811 2925 1038 3001 consecrauit,
1055 2924 1245 3009 multisque

197 3031 232 3087 et
248 3023 396 3088 diuersis
412 3023 544 3088 telluris
561 3023 790 3106 portiunculis
807 3023 1036 3106 locupletans,
1050 3043 1092 3088 ac
1105 3025 1245 3090 diuerso

197 3124 443 3188 aecclesiastici
453 3124 538 3187 iuris
553 3123 760 3206 supellectili
773 3141 902 3186 ornans
913 3124 1103 3188 decorauit.
1139 3125 1246 3191 Uitae

196 3224 304 3306 igitur
321 3224 491 3306 regularis
508 3223 694 3288 monachos
711 3223 796 3287 inibi
814 3222 1027 3288 constituens
1044 3223 1119 3306 ipse
1137 3227 1246 3290 abba-

198 3324 243 3386 tis
266 3325 342 3393 uice
364 3325 524 3405 fungens,
542 3326 700 3387 abbatem
728 3331 870 3387 sanctae
892 3316 1139 3388 monachorum
1162 3346 1246 3390 con-

198 3424 393 3504 gregationi
417 3422 590 3506 praeferre
615 3431 695 3505 post
717 3425 849 3488 obitum
872 3443 972 3487 suum
994 3425 1166 3505 instituit;
1207 3433 1247 3491 ut

198 3523 249 3585 ita
263 3523 423 3605 deinceps
447 3523 611 3586 abbatum
631 3523 753 3588 electio
773 3519 962 3588 secundum
981 3525 1123 3605 regulae
1145 3546 1246 3609 prae·

198 3630 336 3705 ceptum
360 3642 404 3686 ex
426 3623 546 3686 eadem
565 3624 836 3704 congregatione
855 3644 922 3687 usu
940 3632 1100 3689 teneatur
1121 3646 1247 3710 perpe·

199 3729 280 3801 tuo;
306 3724 342 3785 id
365 3730 419 3786 est
437 3730 478 3786 ut
494 3743 538 3787 ex
561 3723 679 3787 eadem
702 3725 983 3806 congregatione,
1001 3726 1060 3807 qui
1083 3725 1247 3795 ordinan-

198 3823 263 3886 dus
290 3831 355 3899 est,
383 3830 419 3887 et
447 3822 586 3886 aliunde
612 3843 830 3906 nequaquam
861 3824 928 3886 nisi
958 3826 1122 3907 peccatis,
1152 3827 1245 3910 quod

158 3991 160 3997 ,
199 3923 301 3999 absit,
328 3924 603 4006 promerentibus
636 3923 693 3986 uel
722 3923 929 4006 impediente
954 3924 1140 4007 imperitia,
1165 3927 1247 3992 talis

197 4023 257 4105 qui
283 4023 407 4105 dignus
434 4024 481 4087 sit
506 4024 542 4086 in
570 4042 612 4086 ea
643 4023 786 4106 reperiri
817 4024 1025 4106 nequiuerit,
1053 4044 1132 4088 cum
1155 4028 1247 4111 regis

196 4123 341 4189 consilio
358 4123 531 4205 eligatur;
557 4143 620 4198 rex
640 4129 756 4186 autem
781 4143 851 4186 non
872 4123 916 4187 ad
940 4125 1171 4207 tyrannidem,
1186 4127 1247 4192 sed
