2858 4890
182 353 248 419 238
435 368 608 416 cunnrnn
635 345 978 416 nuenosnxorucnn.

183 535 316 611 portae.
364 525 434 590 Pro
451 527 549 590 cuius
572 525 812 589 inenarrabilis
837 526 969 607 gloriae
991 525 1242 602 recordatione,

184 648 248 709 ego
267 627 475 691 AErtelredus
501 625 641 690 fauente
670 645 820 708 superno
846 627 985 690 numine
1013 626 1165 689 basileus
1192 626 1243 689 in-

183 729 336 792 dustrius
353 726 547 809 Anglorum
570 735 852 809 caeterarumque
869 725 1023 808 gentium
1040 727 1076 788 in
1095 726 1242 790 circuitu

181 829 449 911 persistentium,
464 827 599 890 cuidam
613 847 690 890 meo
706 826 833 910 oppido
851 827 943 891 fideli
963 826 1133 904 ministro,
1146 826 1207 909 qui
1220 846 1242 890 a

184 930 275 993 notis
292 936 374 992 noto
389 928 528 1010 AElfgar
542 933 763 1010 nuncupatur
780 935 941 992 onomate
958 947 1021 1010 pro
1038 946 1102 990 sua
1116 926 1242 991 humil·

183 1029 265 1092 lima
289 1029 484 1106 deuotione,
502 1028 675 1111 quandam
698 1027 831 1091 telluris
853 1027 1060 1111 particulam
1079 1044 1125 1092 .ν.
1143 1028 1241 1091 uide-

182 1130 263 1193 licet
288 1149 427 1193 mansas
449 1128 627 1209 largiendo
654 1128 801 1192 libenter
827 1129 1017 1192 concedens
1040 1129 1240 1210 perdonabo

181 1230 253 1293 illic
271 1230 330 1293 uhi
347 1230 474 1311 uulgus
490 1230 605 1311 prisca
622 1228 788 1293 relatione
811 1229 969 1293 uocitant
985 1227 1172 1310 aetWigli3
1201 1235 1241 1293 nt
1281 1222 1282 1225 '

184 1330 312 1395 haheat
327 1350 367 1394 ac
384 1330 560 1414 possideat
575 1329 740 1412 quamdiu
756 1330 855 1394 uiuat
870 1331 906 1393 in
924 1337 1100 1394 aeternam
1119 1328 1240 1394 haere,

185 1431 349 1510 ditatem3
378 1436 510 1512 etpost
526 1449 563 1493 se
590 1431 783 1512 cuicunque
810 1431 876 1493 sibi
903 1429 1073 1513 placuerit
1100 1429 1239 1494 haeredi

183 1531 368 1596 immunem
407 1530 632 1612 derelinquat.
702 1530 756 1594 Sit
787 1538 902 1594 autem
936 1531 1150 1613 praedictum
1180 1551 1239 1594 rus

184 1631 328 1695 liberum
351 1632 395 1694 ah
419 1631 512 1694 omni
533 1629 701 1694 mundiali
723 1630 903 1695 obstaculo
923 1650 1001 1694 cum
1016 1631 1177 1696 omnibus
1195 1632 1237 1695 ad

183 1751 221 1795 se
249 1733 315 1796 rite
341 1731 606 1815 pcrtinentibus
635 1731 777 1813 campis,
803 1732 953 1813 pascuis,
979 1731 1100 1813 pratis,
1127 1731 1239 1809 siluis,

184 1832 340 1916 exceptis
362 1833 438 1896 istis
462 1832 584 1908 trihuS,
601 1831 833 1913 expeditione,
849 1831 1022 1908 uidelicet,
1039 1833 1157 1914 pontis
1182 1852 1236 1896 ar-

184 1933 278 1997 cisue
302 1932 564 1997 restauratione.
617 1931 654 1995 Si
672 1931 749 2013 quis
770 1931 877 2013 igitur
892 1931 980 1996 hanc
1002 1939 1157 1997 nostram
1180 1932 1238 1996 do·

185 2034 358 2098 nationem
383 2033 419 2096 in
442 2031 536 2095 aliud
552 2051 658 2114 quam
677 2031 919 2097 constituimus
935 2031 1120 2096 transferre
1137 2033 1238 2097 uolu-

184 2134 261 2210 erit,
279 2135 437 2216 priuatus
452 2132 626 2197 consortio
641 2138 783 2196 sanctae
800 2133 855 2196 dei
872 2133 1072 2211 aecclesiae,
1087 2135 1238 2198 aeternis

184 2234 338 2297 barathri
365 2232 533 2297 incendiis
561 2232 717 2313 lugubris
745 2233 872 2314 iugiter
898 2253 977 2297 cum
1000 2233 1089 2297 Iuda
1106 2233 1238 2298 Christi

184 2334 359 2416 proditore
376 2334 517 2416 eiusque
541 2333 764 2415 complicibus
787 2334 962 2416 puniatur,
984 2333 1015 2396 si
1043 2354 1111 2397 non
1134 2335 1239 2398 satis·

184 2433 334 2497 factione
365 2433 599 2497 emendauerit
627 2433 720 2515 quod
750 2441 872 2497 contra
904 2442 1059 2498 nostrum
1091 2433 1239 2517 deliquit

183 2533 369 2598 decretum.
423 2532 507 2597 Istis
543 2531 698 2598 terminis
740 2534 918 2616 praedicta
958 2541 1051 2599 terra
1094 2535 1238 2598 circum-

184 2634 298 2698 cincta
324 2633 492 2698 clarescit.
546 2632 607 2696 Dis
638 2634 772 2717 syndon
802 2635 887 2699 tiara
916 2652 960 2699 .v.
985 2634 1066 2698 hida
1093 2635 1238 2717 landge-

185 2735 287 2798 mairo
303 2742 349 2798 aet
366 2733 477 2815 Wigli
490 2739 535 2798 ’oe
551 2734 747 2798 AEttelwold
762 2735 829 2801 and
845 2734 1014 2800 AElfhelm
1038 2734 1091 2797 his
1109 2726 1240 2801 brosor

187 2835 345 2900 haeddan.
399 2835 517 2906 AErest
545 2834 585 2897 of
611 2834 870 2916 Hunighamme
894 2836 1162 2899 westewearden
1191 2836 1239 2921 inp

185 2938 337 3018 andlang
360 2937 523 2999 streames
547 2954 592 2998 on
616 2940 663 2999 aa
684 2935 807 2998 ealdan
831 2935 907 3010 d103
944 2936 985 2999 of
1002 2934 1092 2999 baira
1114 2937 1238 3001 ealdan

184 3038 238 3101 (fic
255 3038 325 3102 swa
340 3056 385 3100 on
403 3036 505 3100 bican
519 3026 612 3099 dfine
627 3036 868 3100 westewearde
885 3057 894 3115 3
918 3036 958 3099 of
970 3036 1071 3100 bican
1088 3034 1178 3101 dune
1194 3059 1239 3102 on

183 3145 272 3203 bene
296 3138 465 3218 hricweg;
490 3142 605 3201 bonne
630 3136 703 3200 east
730 3136 882 3217 andlang
907 3136 1095 3217 hricwcges
1122 3158 1167 3201 on
1193 3144 1241 3203 ria

185 3240 309 3302 ealdan
337 3237 436 3315 surh3
465 3237 505 3300 of
526 3225 622 3300 aare
648 3235 771 3300 ealdan
797 3236 875 3300 furh
899 3237 1098 3319 andlangan
1124 3230 1239 3317 dfine3

185 3338 394 3403 sorcwearde
416 3337 457 3401 os
470 3337 599 3418 langen
617 3327 711 3401 dfine
731 3357 776 3401 on
802 3337 857 3402 loc
882 3337 996 3422 hylle;
1021 3339 1091 3402 swa
1116 3339 1178 3403 aest
1195 3360 1240 3404 on

186 3439 390 3521 Hunigham
425 3437 701 3501 westeweardne.
767 3437 872 3502 Anno
915 3441 959 3502 ab
1000 3439 1240 3504 incarnatione

185 3540 315 3603 domini
339 3538 448 3601 nostri
474 3537 579 3601 Ihcsu
607 3537 737 3602 Christi
759 3555 1088 3604 ,nccccnxxxvun
1110 3542 1240 3624 scripta

184 3648 237 3704 est
256 3639 341 3704 haec
356 3638 501 3714 cartula,
525 3637 579 3702 his
605 3640 751 3702 testibus
775 3641 1068 3704 consentientibus
1094 3661 1240 3723 qnorum

185 3742 325 3806 nomina
338 3739 429 3805 infra
445 3746 631 3802 carraxata
645 3747 737 3803 sunt.

239 3840 560 3923 ›14EgoAEt5elred
587 3860 647 3903 rex
677 3837 872 3922 Anglorum
905 3839 1008 3904 huius
1041 3841 1239 3907 donationis

183 3942 378 4005 libertatem
405 3941 501 4020 regni
525 3939 633 4003 totius
656 3940 833 4022 fastigium
852 3949 973 4005 tenens
993 3942 1140 4007 libenter
1156 3965 1239 4008 con·

183 4043 282 4105 cessi.
348 4043 387 4121 ›1‹
410 4040 486 4122 Ego
505 4040 667 4105 Dunstan
691 4041 971 4125 archiepiscopus
993 4043 1238 4109 Dorouernen-

183 4142 231 4205 sis
254 4141 441 4207 aecclesiae
466 4141 679 4206 confirmaui.
732 4143 869 4225 ·›1‹Ego
893 4143 1035 4209 Oswold
1061 4145 1240 4211 Eboracae
