2858 4890
456 382 629 431 cneum
652 383 995 432 nrcwsnxourcnu.
1187 369 1254 433 227

195 538 273 622 pido
299 540 395 605 fideli
417 541 577 605 ministro
592 541 653 624 qui
674 559 698 604 n
719 541 812 604 notis
835 551 918 605 noto
940 541 1101 623 aedelsige
1117 562 1246 606 nuncu·

193 651 296 722 patur
320 649 483 706 onomate
504 642 541 704 in
563 642 730 724 perpetui
758 643 978 724 possessioni
1001 642 1162 706 donando
1186 645 1247 707 do·

192 741 289 805 naui.
309 749 348 805 ut
375 741 502 806 habeat
527 748 562 805 et
592 742 768 824 possideat
791 742 918 824 quadiu
944 744 1043 806 uiuat
1062 744 1098 806 in
1120 747 1248 807 aeterni

192 839 401 907 hereditate.
425 850 461 907 et
482 849 561 924 post
587 862 626 905 se
649 843 819 925 ouicumq;
845 843 912 904 sibi
936 844 1106 925 placuerit
1132 844 1247 908 heredi

191 941 334 1017 inmuni}
361 942 590 1026 derelinquat.
642 941 697 1007 Sit
724 947 805 1006 aute
833 942 1025 1025 predictum
1054 965 1113 1007 ms
1137 944 1247 1008 liberii

192 1043 233 1105 ab
252 1043 349 1106 omni
364 1042 529 1107 mundiali
545 1042 725 1106 obstaculo
739 1063 818 1106 cum
835 1042 940 1121 omib3
964 1044 1008 1107 ad
1029 1065 1067 1107 se
1090 1047 1154 1109 rite
1170 1066 1248 1128 per·

191 1143 361 1227 tinentib3
383 1143 492 1226 cipis.
517 1144 670 1226 pascuis.
697 1144 822 1227 pratis.
851 1144 966 1208 siluis.
992 1153 1139 1227 excepto
1167 1147 1245 1210 istis

191 1244 302 1306 tribus
338 1243 558 1326 expeditione
594 1244 768 1308 uidelicet.
803 1246 937 1327 pontis.
966 1247 1100 1310 arcisue
1132 1248 1244 1310 muni-

193 1343 304 1408 tione.
366 1344 404 1407 Si
430 1345 509 1427 quis
532 1344 609 1427 igit‘
621 1344 712 1409 hanc
735 1346 833 1408 iiram
864 1345 1050 1409 donatione
1081 1346 1117 1409 in
1148 1347 1242 1412 aliud

192 1464 297 1526 quam
308 1445 551 1510 constituimus
562 1444 749 1510 mansferre
760 1446 910 1510 uoluerit
925 1433 1059 1528 priuat⁹
1070 1451 1244 1513 consortio

192 1543 267 1608 Scae
278 1543 316 1608 di
331 1544 437 1610 ecclae
451 1545 589 1610 aeternis
603 1546 758 1611 barathri
768 1546 935 1610 incendiis
948 1547 1103 1628 lugubris
1117 1548 1245 1630 iugiter

191 1664 269 1708 cum
297 1646 381 1711 iuda
406 1643 467 1733 xiii
489 1646 665 1730 proditore
690 1648 800 1729 eiusq;
835 1647 1028 1730 complicib3
1056 1650 1189 1730 puniat'
1213 1652 1243 1713 si

190 1766 259 1810 non
289 1745 528 1811 satisfactione
552 1747 786 1812 emendauerit
813 1767 968 1829 congrua
997 1749 1090 1831 quod
1122 1759 1245 1814 contra

190 1848 289 1910 irum
312 1846 458 1929 deliquit
477 1847 629 1911 decreti.
674 1847 760 1912 Istis
782 1849 956 1929 terminib3
978 1850 1134 1945 predicta
1151 1858 1244 1914 terra

189 1947 433 2012 circumcincta
449 1947 622 2012 clarescit.
639 1956 741 2013 aerest
765 1968 810 2012 au
830 1947 959 2013 nordan
982 1950 1071 2013 fram
1094 1950 1243 2015 ceddan·

188 2046 288 2129 leage
312 2055 351 2112 to
379 2047 609 2130 langanleage
639 2049 900 2131 bromleaginga
927 2070 1042 2114 meare
1069 2068 1088 2130 ]
1116 2052 1242 2116 leofsu-

189 2147 317 2215 haema.
351 2151 462 2234 penne
483 2148 573 2212 fram
600 2149 829 2232 langanleage
855 2157 893 2214 to
922 2148 1000 2214 llam
1030 2141 1242 2217 wonstocce.

189 2251 298 2332 paone
317 2249 407 2314 fram
428 2248 506 2315 dam
522 2239 718 2315 wonstocce
734 2252 777 2314 be
791 2251 954 2332 modinga
973 2251 1087 2315 haema
1108 2271 1242 2317 mearce

189 2357 223 2413 to
246 2351 342 2414 cinta
364 2351 490 2432 stigole
511 2354 619 2436 ponne
639 2350 727 2415 fram
741 2352 859 2416 cintan
873 2352 999 2434 stigole
1021 2353 1064 2416 be
1080 2354 1243 2436 modinga

189 2449 301 2515 haema
324 2471 459 2517 mearce
484 2460 522 2517 to
547 2471 668 2517 earnes
696 2453 832 2517 beame.
862 2449 972 2516 danne
1001 2452 1087 2516 fram
1120 2474 1242 2519 earnes

188 2551 308 2615 beame
332 2572 426 2634 craeg
450 2560 582 2618 seetena
608 2552 702 2631 haga
724 2573 769 2616 ou
795 2552 984 2617 easthealfe
1014 2554 1095 2618 sced
1123 2553 1174 2620 hit
1205 2565 1242 2621 to

188 2650 428 2718 leowsandene
449 2652 559 2717 daune
585 2653 673 2718 frum
697 2653 935 2718 leowsandene
967 2662 1005 2718 to
1029 2654 1241 2736 swelgende.

187 2758 301 2817 danne
318 2751 405 2817 fram
422 2753 616 2835 swelgende
631 2754 937 2836 craegsetenahaga
955 2764 991 2820 to
1007 2756 1085 2819 siox
1103 2757 1241 2822 slihtre.

187 2851 297 2918 danne
322 2854 411 2919 fram
436 2874 521 2920 seox
550 2854 671 2919 slihtre
699 2862 736 2919 to
763 2854 1077 2937 fearnbeorhginga
1107 2877 1242 2922 mearco

187 2954 283 3018 fearn
306 2955 496 3038 beorginga
517 2975 632 3020 meare
655 2954 706 3018 hit
730 2955 811 3018 sced
834 2963 871 3020 to
898 2958 1241 3038 cystaningamearce

186 3056 394 3138 cystaninga
437 3075 550 3121 mearc
584 3056 636 3120 hit
676 3056 756 3119 sced
794 3062 905 3121 sunan
943 3064 979 3121 to
1021 3058 1240 3124 weardsetle.

184 3153 295 3219 danne
322 3155 411 3220 fram
434 3155 634 3222 weardsetle
656 3157 975 3239 cystaningameirc
999 3166 1034 3222 to
1064 3158 1242 3223 wichaema

185 3276 337 3322 mearco.
363 3264 479 3323 daune
506 3276 567 3322 seo
591 3265 678 3322 west
705 3277 818 3321 meare
843 3259 886 3322 be
902 3258 1080 3322 wichaema
1105 3279 1240 3324 mearco

184 3364 224 3421 ut
249 3367 286 3421 to
313 3358 430 3441 bipple
456 3358 572 3442 styde.
596 3362 705 3444 ponne
733 3356 821 3421 fram
843 3358 959 3441 bipple
985 3359 1085 3442 styde
1111 3367 1147 3423 to
1174 3379 1239 3425 acu

183 3457 285 3542 styde
303 3464 340 3523 to
365 3458 453 3524 beoh
477 3459 589 3523 haema
614 3478 765 3523 mearco.
783 3460 869 3522 fram
893 3478 956 3522 acu
980 3458 1078 3523 stede
1100 3467 1137 3524 to
1160 3463 1239 3525 ced-

182 3559 367 3640 danleage.
381 3566 495 3625 ’donne
510 3557 680 3642 belimpad
700 3563 768 3645 paer
783 3566 820 3623 to
836 3556 911 3622 llam
930 3560 1048 3623 lande.
1071 3550 1123 3622 lif
1132 3561 1237 3625 denn.

184 3679 228 3723 an
246 3679 293 3723 on
309 3667 348 3724 ut
362 3651 496 3725 ¹wealda
512 3661 653 3727 brocces
667 3659 745 3724 ham
762 3658 832 3723 daes
854 3659 983 3723 dermes
999 3679 1116 3724 nama.
1135 3680 1154 3741 1
1170 3667 1238 3748 paes

183 3757 281 3824 adres
296 3760 426 3825 dennes
442 3779 545 3825 nama
556 3768 689 3841 saenget
704 3761 804 3842 hryc.
820 3759 929 3823 billan
945 3752 1008 3825 dra
1022 3761 1052 3823 is
1068 3764 1135 3846 paes
1149 3765 1237 3847 prid-

182 3861 251 3926 dan
271 3880 390 3926 nama.
407 3866 517 3948 ponne
541 3868 612 3925 twa
629 3860 720 3924 denn
737 3880 782 3924 an
800 3861 960 3943 glacppan
979 3860 1081 3926 felda.
1135 3861 1238 3927 Anno

183 3963 226 4025 ab
241 3961 479 4026 incarnatione
493 3961 551 4025 diri
566 3962 617 4025 nii
633 3979 945 4026 nocconxxxvu.
960 3963 1145 4026 indictione
1163 3981 1236 4027 ,xm

184 4062 235 4125 his
251 4063 368 4134 testib:
392 4062 653 4135 consentientib;
682 4083 828 4145 quorum
845 4063 985 4126 nomina
1003 4063 1238 4147 infrascripta

185 4171 263 4228 sunt
280 4163 418 4247 Scripta
437 4170 490 4228 est
506 4167 587 4227 auti
604 4163 678 4227 haec
696 4164 841 4227 cartula.

1077 4272 1093 4305 o
1110 4262 1126 4306 2
