2858 4890
459 377 631 425 curarim
653 375 992 425 nncuosnxomcnn.
1176 357 1241 423 179

185 531 345 596 libertate
360 532 562 616 participari
576 550 712 614 queam,
729 530 901 614 quandam
915 530 1004 595 ruris
1019 531 1236 614 particulam,

186 650 344 696 mansam
372 633 533 699 uidelicet
557 650 662 695 unam
695 637 801 712 atque
826 631 1014 708 dimidiam,
1036 651 1126 715 quae
1153 638 1237 695 noto

186 729 371 796 Gelcesora
409 739 627 816 nuncupatur
664 730 834 794 uocabulo
875 730 919 793 ad
953 738 1116 812 capturas
1152 731 1236 795 inibi

186 831 333 913 piscium
375 831 616 908 conficiendas
656 830 848 894 honorabili
889 838 1030 894 uetusto
1070 832 1236 896 coenobio

186 928 363 995 Wentana
395 932 536 996 ciuitate
566 929 748 1012 magnifice
773 938 971 994 constructo
1001 932 1111 994 almae
1137 931 1235 994 trini-

187 1031 270 1095 tatis
293 1038 329 1094 et
350 1031 546 1094 indiuiduae
567 1030 712 1093 unitatis
733 1028 855 1092 honori
876 1029 1047 1106 dedicato,
1069 1037 1236 1113 perpetua

187 1129 372 1212 largitione
406 1130 546 1208 donaui;
579 1129 644 1194 hoc
674 1128 816 1192 firmiter
845 1130 1011 1193 adiiciens
1041 1139 1081 1193 ut
1107 1129 1235 1194 nullius

188 1229 370 1312 dignitatis
391 1232 539 1312 superba
564 1229 715 1292 tumidus
737 1228 882 1291 audacia
907 1227 995 1292 hanc
1015 1230 1235 1293 donationem

188 1336 343 1393 nostram
374 1329 412 1392 in
442 1330 534 1392 aliud
565 1329 648 1411 quid
674 1329 856 1391 immutare
887 1335 1106 1410 praesumat;
1142 1329 1237 1395 dedit

187 1447 338 1512 namque
354 1429 590 1494 AEselwoldus
611 1427 764 1492 eiusdem
792 1427 978 1492 aecclesiae
1008 1429 1146 1511 praesul
1172 1449 1235 1512 pro

187 1527 252 1592 hoc
280 1528 383 1592 litore
405 1536 569 1611 capturae
599 1527 744 1611 piscium
766 1535 862 1609 apto,
888 1534 923 1591 et
948 1547 1010 1610 pro
1035 1528 1235 1610 supradicta

187 1627 337 1710 exiguae
360 1627 492 1692 telluris
524 1626 709 1710 particula,
726 1645 866 1691 auream
888 1628 1053 1709 praetiosi
1075 1629 1236 1711 ponderis

187 1728 370 1791 armillam.
417 1727 471 1791 Sit
493 1734 609 1792 autern
640 1727 852 1809 praedictum
874 1746 934 1789 rus
959 1728 1052 1791 omni
1080 1735 1236 1793 terrenae

185 1826 368 1892 seruitutis
390 1827 472 1909 iugo
493 1827 658 1903 solutum,
680 1825 791 1890 tribus
812 1827 981 1908 exceptis,
1005 1828 1236 1910 expeditione,

186 1927 308 2011 pontis
335 1927 469 1991 arcisue
496 1925 758 1990 restauratione.
810 1925 848 1989 Si
869 1925 948 2008 quis
970 1935 1085 1992 autem
1108 1928 1237 1992 furenti

185 2027 370 2092 conamine
404 2046 525 2090 uecors
555 2026 644 2090 hanc
676 2032 828 2089 nostram
856 2025 1125 2092 munificentiam
1153 2047 1238 2109 quo-

182 2127 273 2191 libet
298 2126 399 2189 modo
424 2127 626 2190 temerarius
649 2124 782 2189 auferre
808 2127 1088 2208 praesumpserit,
1106 2126 1236 2191 aliena-

183 2235 246 2290 tus
270 2226 345 2307 ipse
361 2244 383 2288 a
398 2225 635 2291 communione
658 2232 798 2288 sanctae
816 2226 1014 2302 aecclesiae,
1031 2235 1066 2290 et
1084 2227 1235 2290 omnium

185 2327 378 2390 electorum
406 2326 461 2390 dei
485 2325 771 2401 consentianum
794 2324 1035 2390 IudaChristi
1062 2327 1236 2408 proditore

183 2427 265 2490 sine
287 2424 356 2488 fine
377 2424 583 2507 dampnatus
605 2425 765 2501 intereat,
781 2425 847 2487 nisi
866 2423 973 2505 digna
995 2426 1091 2507 prius
1112 2427 1148 2488 in
1171 2426 1237 2491 hae

188 2527 267 2590 uita
301 2523 537 2589 satisfactione
569 2524 775 2607 poenituerit
802 2523 893 2605 quod
927 2533 1049 2590 eontra
1081 2534 1237 2591 sanctam

185 2632 224 2690 et
245 2623 458 2687 indiuiduam
483 2625 671 2688 trinitatem
698 2623 834 2687 rebellis
863 2642 965 2704 agere
994 2646 1063 2689 non
1090 2626 1236 2691 distulit.

186 2725 262 2790 His
289 2723 389 2786 metis
416 2723 482 2788 hoc
511 2742 570 2786 rus
593 2722 672 2786 hinc
700 2723 779 2787 inde
806 2724 950 2805 giratur.
1003 2724 1065 2787 Dis
1087 2726 1165 2789 siud
1191 2732 1239 2790 'da

187 2822 422 2905 landgemrira
450 2828 497 2886 eet
520 2821 738 2886 Celcesoran.
804 2823 923 2887 AErest
945 2825 985 2889 os
1000 2824 1165 2888 Solentan
1193 2846 1239 2888 ou

184 2925 347 3000 burnan3
383 2922 535 3005 andlang
567 2923 703 2985 burnan
744 2941 789 2986 on
813 2922 1158 3006 Wcalpa’dabrygce3
1204 2925 1245 2988 os

185 3022 514 3105 Wealpaliabrygce
543 3041 588 3086 on
623 3013 866 3106 Hyldingbrdc
903 3014 1133 3099 fifeweardne,
1166 3014 1241 3089 swa

186 3123 269 3187 sord
296 3121 448 3203 andlang
470 3140 561 3185 rewe
584 3141 630 3186 on
650 3122 779 3186 bradan
806 3113 911 3198 fle6t3
937 3122 1089 3204 andlang
1111 3119 1240 3187 bradan
1282 3140 1286 3147 ·

189 3212 316 3286 fledtes
347 3211 390 3284 iit
422 3240 467 3285 on
499 3210 582 3305 sae„
638 3221 742 3286 Anno
773 3222 964 3286 dominicae
994 3224 1240 3287 incarnationis

191 3337 450 3386 mdccccxxx.
471 3321 601 3404 scripta
617 3329 670 3385 cst
692 3321 793 3384 huius
816 3321 1069 3386 munificentiae
1095 3342 1241 3405 syngra-

190 3421 273 3506 pha,
289 3420 343 3484 his
366 3420 512 3487 testibus
529 3420 823 3485 consentientibus
845 3441 991 3503 quorum
1013 3422 1155 3485 inferius
1177 3443 1241 3486 no-

190 3522 287 3585 mina
302 3520 490 3585 secundum
506 3521 775 3602 uniuscuiusque
791 3519 997 3602 dignitatem
1018 3531 1239 3586 caraxantur.

248 3623 287 3702 ›1‹
311 3620 388 3702 Ego
402 3618 606 3683 AEdelredus
629 3639 692 3683 rex
710 3618 901 3702 praefatam
923 3621 1142 3685 donationem
1161 3642 1243 3685 con·

193 3720 294 3785 cessi.
368 3722 407 3801 ›1‹
431 3719 507 3800 Ego
530 3719 692 3783 Dunstan
717 3717 995 3801 archiepiscopus
1028 3722 1241 3802 consignaui.

200 3822 239 3902 ›1‹
265 3818 342 3901 Ego
361 3818 503 3883 Oswold
519 3819 797 3902 archiepiscopus
814 3819 1039 3883 consolidani.
1108 3824 1147 3902 ›1‹
1166 3822 1242 3904 Ego

196 3917 386 3983 AEdelwold
419 3919 601 4001 episcopus
633 3918 865 3982 corroboraui.
937 3919 1076 4001 ›14Ego
1091 3920 1242 3985 AElsstan

197 4019 376 4101 episcopus
393 4017 604 4082 confirmaui.
663 4017 796 4099 ›11Ego
809 4017 1141 4102 AEls1·icepisoopus.
1199 4023 1238 4101 ›1‹

200 4117 272 4199 Ego
294 4117 404 4182 Aeulf
429 4116 623 4199 episcopus.
706 4118 745 4196 ›1‹
770 4115 845 4197 Ego
878 4117 1013 4180 AElfeah
1050 4119 1242 4201 episcopus.

1098 4235 1142 4281 u2
