2858 4890
179 327 245 392 324
448 346 621 395 curasan
645 343 988 392 auonosrxorucrn.

185 504 283 567 naria
310 503 496 586 partitione
520 503 748 587 possessionis
780 503 1027 581 transitoriae;
1067 509 1174 584 atque
1194 501 1244 564 ic·.

186 603 278 667 circo
305 603 371 667 hoc
398 605 467 686 egi,
493 622 537 667 ne
562 624 617 668 me
641 605 741 686 argui
766 605 1044 686 pertimescerem
1071 608 1154 665 ante
1175 599 1245 663 dis-

186 703 279 767 tricti
302 703 456 768 tribunal
471 703 594 768 iudicis
618 704 648 767 si
670 711 1002 787 supramemoratam
1028 702 1138 785 ipsius
1167 720 1246 764 sen-

188 803 331 867 tentiam
360 803 441 867 dum
475 804 597 868 scirem
629 804 711 885 quid
738 805 775 868 in
803 805 913 869 oculis
942 823 1026 867 suae
1053 801 1247 866 maiestatis

187 912 280 966 esset
304 902 482 987 placitum,
510 905 756 987 contempsisse
784 924 845 968 seu
881 903 1078 986 neglexisse
1102 902 1248 966 conuin-

188 1021 294 1066 cerer.
346 1001 472 1067 Adhuc
504 1010 619 1067 autem
648 1011 688 1067 ut
718 1003 753 1067 in
783 1005 843 1067 illo
875 1003 1051 1068 tremendo
1087 1002 1248 1065 examine

189 1103 457 1167 misericordiam
487 1104 523 1166 in
547 1110 735 1185 conspectu
763 1111 833 1167 tam
859 1104 942 1167 iusti
971 1103 1122 1168 censoris
1149 1102 1248 1165 inue-

190 1201 273 1280 nire,
291 1210 327 1267 et
341 1203 378 1265 in
392 1203 537 1267 dextera
553 1209 652 1285 parte
667 1204 757 1267 inter
774 1222 858 1267 oues
876 1203 999 1267 ascisci
1015 1222 1150 1266 merear
1162 1201 1248 1265 eleo

191 1308 258 1378 tas,
270 1302 394 1366 adiicio
408 1322 533 1367 munus
551 1302 746 1367 deuotionis
764 1303 1016 1367 sincerissimae
1030 1304 1186 1366 tribuens
1203 1302 1249 1365 ad

191 1402 435 1466 adminiculum
470 1402 582 1466 uictus
614 1412 650 1468 et
680 1404 829 1468 uestitus
860 1402 1176 1467 sanctimonialium
1214 1402 1250 1464 in

191 1509 397 1585 praenotato
421 1503 630 1568 monasterio
649 1502 788 1567 Christo
813 1503 934 1567 sedulo
951 1502 1176 1566 seruientium
1199 1501 1251 1565 fa-

192 1603 339 1680 mulatu,
355 1603 527 1686 quoddam
543 1603 636 1668 aliud
659 1623 718 1667 rus
735 1603 840 1669 situm
857 1604 894 1668 in
913 1603 1091 1686 prouincia
1110 1602 1249 1674 Saxon-

192 1723 250 1766 um
268 1700 494 1782 Australium,
508 1703 601 1786 quod
622 1703 689 1768 loci
711 1704 850 1769 accolae
866 1704 1139 1785 AEttelingedene
1166 1722 1249 1784 cog·

192 1805 372 1870 nominant
385 1811 600 1870 cassatorum
616 1806 811 1886 sexaginta,
821 1804 914 1888 quod
928 1811 964 1867 et
976 1805 1053 1886 ipsa
1071 1804 1251 1886 praedicta

193 1904 315 1988 regina
336 1905 502 1987 quamdiu
524 1905 697 1987 spiraculo
721 1902 815 1969 uitae
838 1905 951 1987 potita
973 1910 1027 1967 est
1051 1903 1191 1968 sibimet
1214 1903 1251 1966 in

194 2023 277 2069 usus
302 2005 483 2089 usurpauit
510 2005 689 2088 proprios3
716 2012 757 2068 ut
779 2004 990 2068 subiiciatur
1007 2003 1108 2067 huius
1136 2003 1251 2086 portio

193 2105 327 2170 telluris
357 2106 508 2170 crebrius
542 2105 755 2188 praescripto
789 2105 967 2182 coenobio,
1003 2111 1176 2187 quatenus
1202 2104 1253 2167 illi

193 2213 335 2272 sanctae
363 2205 514 2269 familiae
542 2204 587 2268 ad
617 2224 699 2268 usus
725 2205 792 2269 sibi
822 2205 871 2284 nil
902 2205 992 2268 desit
1022 2205 1249 2281 necessarios,

196 2313 331 2371 tantum
356 2306 493 2369 atlans
518 2304 647 2370 Christi
668 2324 855 2388 numquam
882 2325 944 2388 per
971 2305 1253 2369 murmurationis

195 2413 373 2488 torpescat
399 2405 634 2488 grauedinem,
655 2426 718 2470 nec
747 2405 889 2488 regulae
917 2412 1058 2470 sanctae
1089 2405 1255 2488 frigescat

198 2507 420 2571 obseruantia
435 2506 657 2589 praeualente
672 2505 826 2587 qualibet
839 2505 1008 2570 naturalis
1024 2505 1144 2588 inopia
1166 2505 1255 2570 refo-

198 2606 395 2671 cillationis
451 2606 500 2670 Ut
522 2626 605 2670 uero
628 2606 720 2670 istud
750 2615 905 2671 nostrum
930 2605 1105 2671 decretum
1130 2606 1255 2670 stabile

199 2707 314 2789 capiat
328 2705 604 2783 solidamentum,
617 2705 718 2769 huius
733 2726 850 2770 curam
867 2706 1042 2788 regiminis
1052 2706 1256 2771 commendo

199 2807 395 2871 abbatissae
420 2806 608 2871 uenerabili
632 2806 804 2870 Heanfled
831 2807 1077 2888 agnominatae
1099 2827 1190 2889 quae
1213 2807 1255 2872 ad

199 2907 344 2972 eundem
370 2913 527 2970 sanctum
555 2907 681 2984 locum,
703 2907 816 2989 ipsum
839 2906 990 2983 honoris
1016 2912 1052 2970 et
1075 2913 1114 2970 ut
1139 2907 1256 2971 uerius

199 3008 311 3072 dicam
336 3007 462 3082 oneris,
479 3007 605 3070 sortita
621 3015 675 3071 est
691 3006 849 3088 gradum,
864 3015 905 3071 ut
921 3008 999 3089 ipsa
1023 3006 1108 3070 haec
1127 3007 1257 3085 omnia,

199 3107 362 3190 quamdiu
378 3107 537 3190 spiritum
551 3107 696 3187 gesserit
710 3106 865 3183 uitalem‚
875 3107 1033 3188 diligenti
1050 3127 1142 3171 cura,
1156 3107 1257 3172 iuxta

199 3208 254 3272 dai
281 3208 370 3272 uelle
387 3207 627 3291 praeordinet;
652 3214 800 3289 postque
822 3207 876 3270 sui
898 3206 1069 3271 defectum
1092 3227 1258 3293 excessus

199 3309 325 3371 habeat
351 3308 428 3389 ipsa
460 3307 623 3388 religiosa
652 3307 876 3389 congregatio
912 3327 990 3370 cum
1029 3306 1084 3369 sui
1114 3309 1259 3373 consilio

201 3407 456 3488 metropolitani
481 3407 547 3470 sibi
568 3407 659 3471 inter
681 3426 719 3470 se
742 3407 921 3471 arbitrium
943 3406 1105 3488 eligendi,
1122 3408 1153 3471 si
1168 3409 1259 3473 inter

201 3525 260 3569 eas
272 3507 353 3569 talis
370 3506 515 3571 inueniri
533 3507 721 3589 possit,cui
738 3527 832 3570 more
843 3526 962 3570 omnes
980 3506 1143 3571 obediant
1159 3528 1260 3590 regu-

200 3606 276 3669 lari.
337 3604 507 3670 Perduret
539 3607 708 3688 siquidem
740 3606 833 3671 istud
867 3607 1069 3670 coenobium
1105 3607 1260 3690 uillaque

159 3705 162 3711 ’
201 3724 305 3789 quam
328 3705 628 3786 praetitulauimus
654 3726 732 3769 curn
759 3707 930 3770 uniuersis
959 3705 1173 3789 appendiciis
1196 3710 1260 3772 sibi

199 3806 274 3869 iure
309 3804 579 3881 subiacentibus,
618 3807 761 3888 campis,
803 3806 910 3883 siluis,
951 3807 1103 3888 pascuiS,
1136 3809 1260 3890 pratis,

201 3922 368 3988 aquarum
385 3902 600 3980 decursibus,
619 3905 770 3987 gnomis
789 3906 1019 3987 piscationum
1035 3905 1171 3985 hostiis,
1187 3907 1261 3990 iugi

200 4002 453 4069 securissimum
477 4004 649 4082 libertate,
666 4006 893 4088 sequestratis
916 4004 1132 4069 solummodo
1153 3993 1260 4073 'trium

200 4105 313 4169 causis
340 4100 585 4167 necessitatum
609 4107 852 4182 communium,
871 4106 901 4168 si
918 4106 1099 4186 contingat
1117 4109 1258 4190 expedi,-
