2858 4890
178 375 222 441 84
437 388 610 441 cunnrnn
633 386 976 437 nucuosnxouwnn.

180 550 257 633 Ego
286 550 377 616 leofa
396 549 441 614 ffi.
495 549 572 632 Ego
595 549 738 614 brihtric
765 547 812 613 rii.
863 548 1005 613 Prolata
1035 566 1142 630 quoq.
1167 591 1231 609 ...

179 652 232 715 bis
250 652 351 716 trium
369 651 567 733 iugerorum
582 649 760 732 quantitas
777 655 812 713 et
826 649 895 713 duo
910 648 1029 731 predia
1044 648 1079 710 in
1097 647 1231 711 famosa

179 753 263 815 urbe
281 771 359 835 quae
380 753 425 815 ab
445 751 574 815 accolis
595 750 720 814 dicitur
738 756 1037 833 wygorncceastre
1057 747 1231 811 accidunt·

180 872 258 935 quae
285 853 350 916 sub
379 852 529 915 eiusdem
559 851 759 915 condicione
786 849 956 914 libertatis
981 847 1232 931 perpetualiter

179 952 216 1015 in
239 952 376 1016 nomine
402 951 460 1015 diii
485 951 536 1015 nii
561 951 622 1015 ihfi
648 950 709 1040 xpi
731 950 848 1014 haberi
872 950 1037 1032 precipio.

646 1170 768 1183 —-—-

615 1346 803 1412 nnxxr.

532 1464 786 1574 *pincia
804 1496 882 1562 972.

236 1648 275 1729 ›1‹
299 1644 505 1711 Rhenanus
528 1647 782 1729 imperpetuum
813 1645 952 1709 domino
981 1651 1102 1710 nostro
1127 1645 1232 1710 Ihesu

182 1745 334 1811 Christo.
385 1747 482 1812 Dum
506 1745 986 1830 architectoria-prouidentia
1007 1747 1119 1809 omnis
1136 1765 1232 1810 crea·

181 1853 262 1910 tura
277 1848 313 1910 in
329 1847 498 1931 principio
516 1846 665 1911 formata
681 1848 900 1929 formosaque
918 1853 1037 1910 creata
1054 1852 1119 1923 est,
1138 1847 1231 1911 acin

181 1947 299 2012 multis
331 1947 443 2013 modis
475 1968 516 2012 ac
547 1948 694 2012 diuersis
724 1947 904 2030 speciebus
930 1945 1119 2029 Olympum
1153 1967 1230 2011 oum

180 2048 362 2130 syderibus
381 2049 491 2112 rotari
510 2068 574 2112 suo
596 2056 684 2111 nutu
700 2047 892 2130 perficiens
913 2047 1041 2129 quique
1057 2046 1231 2128 frugiferis

181 2148 368 2212 seminibus
398 2156 525 2212 terram
552 2148 741 2230 oceanique
770 2149 916 2230 abyssos
939 2166 985 2210 ex
1012 2148 1106 2211 omni
1133 2156 1232 2229 parte

180 2267 287 2330 supra
312 2248 414 2313 simul
443 2256 479 2314 et
507 2247 599 2314 infra
626 2256 666 2311 ut
688 2248 838 2312 uoluerit
859 2268 924 2312 sua
945 2247 1149 2311 multimoda
1171 2269 1233 2331 po·

181 2349 291 2413 tentia
307 2351 487 2430 gubernat
542 2348 667 2431 Sicque
687 2350 731 2412 ab
753 2349 852 2412 initio
872 2348 991 2411 mundi
1007 2348 1232 2430 triumphalia

181 2456 454 2530 temperamenta
470 2468 581 2531 usque
598 2448 641 2513 ad
659 2446 897 2512 diffinitionem
911 2448 1079 2513 cessantis
1102 2450 1233 2514 saeculi

181 2555 315 2612 statuta
348 2556 533 2631 praecepta
557 2547 745 2612 conditoris
776 2548 986 2613 custodiunt.
1037 2548 1085 2612 Et
1115 2555 1232 2613 tamen

180 2648 375 2730 improuida
390 2649 561 2730 fragilitas
578 2648 755 2713 hominum
773 2650 931 2714 omnibus
946 2650 1114 2713 creaturis
1130 2670 1232 2732 prae-

181 2748 286 2813 latior
311 2757 451 2833 propter
477 2750 806 2831 praeuaricationem
835 2769 998 2815 corruens
1025 2751 1061 2812 in
1084 2753 1232 2815 caecita-

182 2855 252 2912 tem
268 2850 479 2932 caliginosae
496 2851 617 2913 mortis
642 2857 677 2912 et
698 2850 843 2932 primam
864 2849 1134 2914 immortalitatis
1160 2859 1232 2916 sto·

181 2949 253 3013 lam
265 2949 459 3032 lugubriter
475 2951 599 3013 amisit.
654 2949 789 3013 Idcirco
811 2951 968 3014 meritam
983 2950 1128 3014 incurrit
1144 2953 1232 3015 iram

183 3070 283 3114 omne
299 3071 409 3131 genus
425 3050 612 3113 humanum
635 3069 848 3133 regnumque
865 3059 945 3132 post
964 3070 1108 3132 regnum
1124 3054 1234 3117 mobi-

182 3149 262 3213 liter
285 3170 427 3215 manens
447 3158 482 3214 et
502 3151 686 3232 perniciter
711 3150 883 3215 recedens.
937 3149 1017 3229 Qua
1037 3150 1079 3214 de
1105 3171 1142 3214 re
1167 3173 1234 3234 ego

185 3250 325 3330 Eadgar
336 3251 454 3314 diuina
470 3251 640 3315 adridenti
652 3251 766 3332 gratia
780 3271 854 3328 rex,
866 3270 944 3314 cum
956 3250 1106 3315 archana
1119 3252 1233 3317 cordis

182 3349 406 3430 indagatione
438 3352 631 3415 euentilans
661 3350 868 3434 perhennem
902 3350 1172 3433 gratulationem
1199 3362 1234 3419 et

182 3449 394 3512 tutissimum
430 3450 678 3527 fulcimentum,
705 3451 871 3533 peculiari
908 3451 1095 3516 donatione
1127 3474 1232 3536 quam

182 3548 400 3613 architenens
418 3550 574 3614 hilariter
595 3570 617 3614 a
639 3551 692 3614 sui
714 3551 850 3615 deuotis
872 3552 1019 3635 accipiet
1041 3552 1185 3636 insuper
1200 3564 1236 3621 et

182 3649 293 3713 uitam
311 3658 499 3714 aeternam.
553 3651 658 3715 Nunc
677 3670 761 3714 uero
782 3651 1033 3734 aliquantulam
1050 3655 1139 3717 ruris
1157 3672 1233 3738 par·

182 3749 337 3828 ticnlam,
356 3770 434 3814 cum
450 3751 591 3815 licentia
612 3750 770 3815 Oswerdi
793 3751 1006 3835 aliorumque
1026 3752 1233 3835 optimatum

182 3869 337 3914 meorum
357 3871 539 3928 consensu,
564 3852 681 3928 idest,
705 3868 756 3916 .x.
775 3871 914 3916 mansas
940 3853 999 3916 ubi
1021 3871 1043 3915 a
1061 3855 1233 3936 rurigenis

183 3948 344 4033 Cynetan
366 3952 562 4034 appellatur
586 3952 830 4017 dilectissimae
851 3952 1021 4017 foeminae
1049 3953 1234 4022 AElflaedae

181 4051 268 4115 satis
284 4051 409 4117 deuote
431 4052 629 4135 impendere
651 4053 781 4116 curaui.
834 4052 893 4116 Ita
908 4060 949 4117 ut
964 4055 1008 4117 ab
1022 4055 1116 4119 omni
1133 4078 1234 4122 mun·

181 4151 265 4215 diali
290 4171 396 4217 censu
420 4153 668 4236 perpetualiter
689 4151 788 4217 ditali
809 4154 1067 4220 munificatione
1088 4156 1235 4225 colloce-
