2858 4890
456 397 630 447 cunum
652 395 994 445 ancnosnxonrcln.
1200 381 1266 447 291

201 553 377 618 maledicti
426 555 464 618 iu
512 556 630 637 ignem
676 561 854 620 aeternum
905 555 966 635 qui
1013 561 1156 636 paratus
1208 563 1262 620 est

200 653 354 718 Satanae
370 662 407 720 et
423 655 632 732 satellitibus
649 651 746 733 eius,'
768 655 834 719 uisi
855 656 951 737 prius
971 654 1078 736 digna
1093 654 1157 719 deo
1178 675 1260 737 poe-

200 754 350 819 nitentia
373 757 510 820 neniam
531 756 636 838 legali
662 754 898 820 satisfactione
921 754 1114 819 emendent.
1167 755 1261 820 Nam

193 855 297 938 ¹quod
324 855 473 920 hominis
505 858 670 921 memoria
703 855 867 932 transilit,
899 855 1093 919 litterarum
1131 856 1259 938 indago

201 963 372 1033 reseruat,
403 957 495 1021 unde
520 957 586 1021 hoc
614 956 809 1038 legentibus
835 963 888 1018 est
917 955 1144 1019 intimandum
1178 958 1260 1037 quia

200 1053 268 1118 boc
294 1056 487 1138 praefatum
511 1076 570 1120 rus
596 1077 658 1139 per
679 1055 859 1120 cuiusdam
883 1055 950 1117 uiri
975 1054 1136 1120 infandae
1159 1075 1259 1139 prae·

200 1157 410 1240 sumptionis
435 1157 576 1240 culpam
601 1176 673 1240 qua
699 1157 864 1220 audacter
889 1155 1017 1219 furtiue
1045 1174 1083 1218 se
1105 1156 1259 1236 obligare

198 1273 272 1318 non
300 1256 489 1336 abhorruit,
525 1257 583 1322 cui
613 1277 741 1321 nomen
767 1255 946 1337 AEbelsige
976 1263 1138 1337 parentes
1167 1256 1257 1321 indi-

198 1353 282 1417 dere
303 1355 385 1421 licet
407 1357 509 1422 foedo
528 1377 653 1422 nomen
671 1356 952 1422 dehonestauerit
968 1355 1101 1437 flagitio
1125 1356 1167 1421 ad
1191 1358 1257 1421 mei

198 1453 286 1518 iuris
300 1455 441 1521 deuenit
459 1458 650 1534 arbitrium,
662 1465 767 1540 atque
782 1476 846 1540 per
858 1476 913 1519 me
927 1457 1116 1520 reuerendo
1131 1465 1171 1521 ut
1188 1458 1257 1520 iam

198 1555 379 1636 praefatus
398 1576 475 1621 sum
495 1565 576 1623 ante
593 1558 769 1623 conlatum
788 1565 843 1621 est
859 1556 1038 1630 ministro;
1064 1557 1161 1620 cuius
1183 1558 1257 1621 cul·

196 1673 265 1735 pae
274 1663 394 1721 notam
403 1655 554 1740 Anglica
564 1658 729 1722 relatione
740 1658 796 1720 hic
810 1663 923 1720 ratum
936 1656 1097 1720 duximus
1109 1675 1184 1719 esse
1197 1677 1258 1721 no·

197 1755 355 1823 tandum.
387 1749 464 1822 Dis
474 1778 556 1823 waes
570 1765 643 1824 itaet
655 1758 737 1822 land
752 1756 918 1822 sorworht
931 1764 977 1820 aet
991 1748 1187 1820 Dumaltfin
1202 1763 1257 1821 5ae

198 1855 382 1940 AEttelsige
396 1857 583 1923 forworhte
593 1859 779 1923 AEbelrede
794 1857 942 1940 cyninge
959 1847 998 1920 to
1014 1854 1140 1919 hande.
1180 1855 1258 1921 Dect

197 1976 282 2020 waes
295 1963 419 2021 §aenne
429 1965 501 2023 aaet
512 1958 554 2022 be
567 1958 698 2023 forstael
709 1957 920 2022 AEaelwines
937 1946 1257 2020 swinAEbelmssres

197 2075 289 2120 suna
303 2057 579 2137 ealdermannes3
604 2059 648 2123 st
666 2057 764 2121 ridon
780 2055 833 2120 his
851 2075 929 2119 men
948 2048 986 2120 to
1004 2055 1072 2118 and
1087 2062 1198 2135 tugen
1216 2049 1257 2120 fit

197 2160 270 2221 naet
285 2157 359 2239 spic
376 2158 418 2223 os
428 2158 624 2239 AEilelsiges
639 2149 750 2235 hsrse;
779 2156 847 2223 and
863 2155 905 2220 he
919 2156 1069 2219 oebaerst
1087 2146 1125 2219 to
1143 2155 1256 2232 wuda,

198 2257 265 2320 and
285 2276 367 2320 man
389 2258 469 2322 hine
485 2248 638 2346 aflymde
655 2248 714 2334 lia,
730 2256 798 2320 and
814 2274 892 2318 man
915 2245 1059 2337 gerehte
1073 2255 1257 2319 AE'oelrede

200 2357 351 2439 cyninge
370 2363 443 2422 eaet
467 2357 548 2421 land
576 2358 645 2421 and
672 2357 784 2437 nihta3
809 2347 858 2420 ba
883 2353 999 2436 forges
1016 2354 1059 2418 be
1080 2361 1151 2419 itaet
1175 2355 1256 2419 land

200 2456 358 2522 Hawase
377 2458 432 2521 his
451 2477 531 2521 men
552 2478 600 2522 ou
623 2449 684 2522 ece
706 2457 800 2539 yrfe3
824 2455 892 2520 and
906 2445 1059 2519 Wulfric
1075 2454 1258 2520 Wulfrnne

200 2576 290 2621 sunu
312 2558 366 2623 hit
385 2550 513 2623 mooun
539 2565 587 2622 aet
610 2558 681 2622 him
703 2556 902 2640 gehwyrsde
928 2554 999 2618 inid
1016 2545 1097 2619 uam
1121 2562 1165 2619 ’oe
1186 2555 1254 2619 him

199 2677 390 2738 gecwemre
411 2678 505 2734 waes,
532 2659 575 2721 be
599 2664 673 2723 tlaes
695 2676 825 2740 cynges
850 2647 939 2720 leafe
960 2654 1029 2717 and
1056 2655 1109 2717 his
1132 2655 1258 2719 witena

199 2760 416 2838 gewitnesse.
467 2756 561 2822 Acta
583 2766 637 2822 est
652 2758 737 2821 haec
755 2756 912 2838 praefata
932 2754 1073 2818 donatio
1096 2774 1187 2817 anno
1211 2758 1256 2819 ab

198 2857 437 2923 incarnatione
451 2858 581 2923 domini
598 2857 709 2922 nostri
727 2870 950 2921 ‚nccccxcu
967 2853 1153 2918 indictione
1166 2872 1253 2917 .v111.

197 2976 289 3023 antro
314 2978 397 3023 uero
418 2960 516 3040 regni
532 2958 680 3042 praefati
705 2957 797 3038 regis
816 2970 920 3019 ‚xv11.
943 2954 1073 3035 scripta
1094 2961 1148 3017 est
1170 2954 1256 3018 haec

194 3059 346 3135 cartula,
366 3058 420 3122 liis
437 3059 732 3124 consentientibus
748 3057 807 3138 qui
825 3055 944 3118 subter
961 3060 1136 3117 notantur.
1298 3130 1304 3137 ,

250 3161 294 3240 ᾤ
311 3158 389 3240 Ego
412 3156 617 3223 AEtelredus
632 3178 694 3222 rex
710 3155 905 3239 Anglorum
929 3153 1122 3236 praefatam
1145 3152 1255 3215 dona-

187 3260 327 3324 tiouem
349 3259 414 3322 sub
436 3258 552 3341 sigillo
575 3265 717 3322 sanctae
738 3257 850 3322 crucis
872 3253 1158 3316 indeclinabiliter
1175 3271 1253 3315 con-

187 3357 287 3424 cessi
315 3365 422 3440 atque
449 3359 623 3423 roboraui.
694 3360 733 3439 ›1‹
763 3357 839 3437 Ego
861 3353 1027 3417 AElfricus
1060 3353 1115 3415 dei
1142 3353 1258 3433 gratia

185 3461 331 3526 electus
352 3457 397 3521 ad
415 3457 749 3542 archiepiscopatum
766 3454 1043 3519 Doroborneusis
1068 3452 1256 3516 aecclesiae

185 3557 386 3644 [eiusdem]
397 3558 489 3640 regis
498 3559 625 3623 donum
637 3558 747 3621 crucis
761 3562 915 3619 taumate
928 3553 1091 3616 stabiliui.
1125 3554 1164 3633 ›1‹
1180 3552 1256 3632 Ego

186 3657 345 3725 Ealdnlf
362 3659 495 3722 electus
512 3659 547 3722 in
565 3642 803 3740 episcopatum
821 3654 1049 3718 Eboracensis
1068 3651 1256 3715 aecclesiae

183 3759 290 3842 regis
308 3757 510 3822 donatiuum
529 3759 628 3839 agiae
651 3756 761 3820 crucis
782 3755 1007 3836 impressione
1024 3752 1256 3817 benedicendo

183 3858 433 3926 corroboraui.
483 3861 522 3940 ›1‹
540 3857 618 3939 Ego
629 3856 783 3919 AElfstan
801 3852 1055 3916 Lundoniensis
1069 3851 1257 3917 aecclesiae

185 3960 381 4045 episcopus
396 3957 559 4039 sigillaui.
592 3959 632 4037 ›1‹
647 3957 723 4038 Ego
736 3953 903 4017 AElfheah
914 3951 1166 4016 Wintoniensis
1179 3971 1256 4015 aec-

188 4059 325 4125 clesiae
351 4059 535 4140 episcopus
562 4055 752 4138 designaui.
823 4055 862 4134 ›1‹
887 4053 964 4134 Ego
989 4052 1144 4132 AEscwig
1169 4050 1257 4114 Dor·

189 4159 313 4224 censis
338 4158 526 4222 aecclesiae
549 4158 731 4240 episcopus
755 4154 931 4218 adnotaui.
1000 4152 1038 4231 ›1‹
1057 4152 1133 4231 Ego
1149 4148 1262 4214 Aonis

1107 4267 1150 4309 u2
