2858 4890
181 352 246 418 156
440 366 613 416 ousnrnn
635 361 975 416 ruonosaxourean.

182 527 296 590 omnia
315 525 472 607 superins
500 533 621 589 notata
647 524 886 607 episcoporum
909 523 987 586 usui
1013 520 1234 605 peculiariter

183 626 226 690 ad
252 632 373 690 notum
397 625 614 704 deseruiant;
654 624 715 687 illa
742 643 825 688 nero
848 643 937 705 quae
970 622 1129 686 canonici
1151 621 1233 684 olim

182 745 259 790 cum
286 723 483 807 praeposito
505 723 580 788 sine
602 723 768 806 peculiari
791 722 961 804 praesulis
984 721 1137 798 dominio
1168 739 1233 782 usu

182 825 408 907 possederant
434 831 611 901 ueterano,
634 822 719 887 haec
747 822 865 886 eadem
901 821 1059 886 monachi
1083 840 1235 883 commn-

183 926 272 988 niter
294 925 337 988 ad
361 925 573 988 necessarios
590 942 674 987 usus
691 923 766 985 inre
788 921 987 1004 possideant
1003 927 1185 1004 perpetuo,
1201 928 1236 983 et

184 1044 260 1088 cum
277 1025 443 1088 antistitis
460 1023 603 1088 consilio
621 1042 662 1086 ac
679 1022 853 1085 innamine
868 1022 955 1085 bene
971 1027 1106 1102 regant,
1122 1027 1158 1084 et
1176 1039 1236 1101 per

184 1124 420 1207 praepositum
449 1123 614 1187 fratribus
651 1123 783 1185 cunctis
820 1115 1063 1196 necessarium,
1101 1120 1236 1201 episco-

183 1242 299 1306 poque
320 1224 372 1287 uti
393 1221 515 1303 regula
537 1221 705 1305 praecipit
729 1241 807 1284 cnm
830 1221 924 1284 omni
941 1219 1136 1283 humilitate
1153 1220 1236 1282 snb-

184 1323 321 1401 iectnm,
340 1323 514 1405 sapienter
529 1322 724 1404 disponant.
766 1321 912 1385 Pastum
928 1340 973 1384 ex
991 1317 1237 1382 monachorum

185 1421 278 1484 nillis
306 1440 525 1503 nequaquam
552 1421 690 1505 praesul
714 1419 876 1484 diocesim
900 1418 1080 1483 lustrando
1112 1419 1236 1482 auidus

186 1521 369 1603 exquirat:
419 1521 545 1603 emptis
592 1520 794 1584 necessariis
833 1519 978 1584 fratrum
1015 1518 1237 1596 indumentis,

187 1619 349 1702 quicquid
370 1639 415 1683 ex
431 1620 529 1685 lucro
550 1619 711 1683 uillarum
729 1619 945 1701 superfuerit,
961 1619 1058 1682 unito
1083 1617 1237 1701 episcopi

186 1719 402 1801 fratrumque
429 1719 585 1796 consilio,
616 1720 661 1783 ob
692 1726 853 1783 aeternae
879 1719 1105 1784 beatitudinis
1137 1738 1237 1800 prae-

188 1819 291 1882 mium
311 1817 439 1883 Christi
463 1825 624 1901 erogetur
642 1819 863 1902 paupcribus,
882 1826 917 1884 et
934 1838 1003 1882 non
1023 1818 1146 1882 loculis
1165 1819 1239 1901 epi·

189 1918 286 2000 scopi
313 1918 543 2000 peculiaribus
570 1917 613 1982 ad
640 1918 774 1982 animae
796 1917 1036 1983 detrimentum
1065 1920 1237 1983 reclusum

189 2016 414 2083 custodiatur.
476 2017 563 2081 Post
592 2018 693 2081 unins
725 2018 878 2100 episcopi
902 2019 1047 2096 obitum,
1075 2019 1165 2083 alter
1194 2040 1237 2088 ex

190 2116 309 2181 eadem
342 2115 588 2180 monachornm
618 2118 897 2199 congregatione,
935 2119 996 2199 qui
1029 2118 1156 2199 dignus
1194 2122 1240 2186 sit

191 2216 414 2299 pontificatus
437 2216 556 2279 ordine
579 2216 689 2298 fungi,
712 2225 747 2281 ct
765 2237 834 2279 non
849 2217 987 2281 aliunde
1011 2217 1180 2299 eligatur:
1210 2222 1240 2285 si

192 2324 307 2381 autem
328 2315 592 2398 impedientibus
616 2316 767 2398 peccatis
783 2317 839 2380 uel
856 2317 1039 2398 imperitia,
1062 2319 1099 2380 in
1121 2319 1239 2385 eodem

193 2416 402 2480 monasterio
434 2415 515 2479 talis
542 2416 601 2498 qui
629 2416 754 2496 dignus
781 2416 827 2480 sit
855 2417 1001 2480 inueniri
1032 2420 1239 2500 nequinont,

192 2535 236 2578 ex
252 2515 321 2578 alio
338 2523 421 2578 noto
438 2515 648 2580 monasterio
665 2515 864 2592 monachus
879 2537 948 2580 non
966 2524 1080 2581 autem
1098 2522 1239 2585 canoni·

189 2635 265 2691 cus,
283 2614 326 2678 ad
344 2615 433 2678 tanti
448 2615 576 2697 gradus
593 2615 809 2696 dignitatem,
831 2615 891 2698 qui
905 2616 1030 2699 dignus
1050 2619 1096 2681 sit
1118 2638 1240 2683 secun-

192 2714 273 2778 dum
291 2716 448 2779 meritum
472 2722 577 2797 atque
594 2715 798 2792 doctrinam,
821 2717 975 2780 unanimi
1000 2718 1091 2798 regis
1112 2725 1147 2782 et
1165 2739 1240 2786 mo-

192 2814 380 2878 nachorum
409 2813 561 2878 eiusdem
591 2815 792 2879 monasterii
815 2815 958 2881 consilio
982 2817 1156 2898 sapienter
1181 2821 1243 2884 eli*-

193 2922 318 2996 gatnr:
353 2922 389 2979 et
410 2934 479 2978 non
502 2916 613 2978 solum
635 2916 671 2978 in
697 2915 762 2978 hac
785 2915 957 2997 pontificis
982 2916 1162 2994 electione,
1184 2940 1242 2984 ne-

194 3035 269 3078 rum
285 3014 390 3079 etiam
408 3015 565 3080 omnibus
589 3016 691 3079 rebus
716 3015 856 3096 regulae
874 3035 957 3079 nsns
981 3016 1054 3097 iugi
1082 3025 1245 3085 teneatur

193 3114 362 3192 custodia,
391 3122 432 3179 nt
451 3115 500 3178 ¹in
532 3116 691 3179 omnibns
720 3134 810 3197 qnae
841 3115 986 3196 egerint,
1015 3116 1072 3180 nel
1101 3121 1245 3201 regulae

195 3234 349 3278 normam
371 3214 526 3279 hilariter
551 3214 759 3292 custodiant,
779 3215 836 3279 uel
858 3216 1026 3279 maiorum
1050 3236 1128 3280 cum
1149 3223 1245 3285 omni

195 3315 379 3378 deuotione
417 3315 595 3378 imitentur
627 3316 796 3396 exempla.
864 3314 1005 3379 Electus
1035 3335 1119 3380 uero
1148 3320 1247 3385 nulla

195 3413 435 3494 superfluitate
468 3413 653 3477 monachos
680 3415 859 3497 perturbet
886 3415 942 3479 nel
974 3416 1154 3497 inquietet,
1181 3440 1246 3486 nec

198 3513 341 3576 clericos
371 3513 445 3574 sine
471 3511 577 3576 laicos
597 3513 633 3576 in
655 3513 808 3578 claustra
823 3514 880 3578 nel
900 3514 1116 3579 refectorium
1133 3517 1246 3585 intro-

198 3613 313 3687 ducat,
331 3611 390 3674 sed
409 3611 549 3676 missam
568 3613 756 3692 celebrans
779 3615 1023 3679 monachornm
1048 3626 1247 3684 reuerenter

198 3711 365 3793 fungatur
396 3709 518 3789 officio,
554 3733 595 3777 ac
625 3714 662 3776 in
693 3713 874 3779 refectorio
906 3714 1065 3798 quotiens
1094 3716 1247 3785 noluerit

198 3810 391 3888 comedens,
418 3831 534 3876 eornm
564 3819 599 3877 et
627 3831 694 3877 non
725 3814 967 3879 canonicorum
997 3815 1053 3878 nel
1078 3815 1247 3884 laicorum

199 3911 283 3975 inibi
308 3918 426 3975 utatur
453 3913 637 3996 obsequi03
668 3913 854 3978 monachos
882 3916 912 3978 si
933 3915 1106 3998 quoslibet
1128 3935 1246 3983 secum

199 4030 298 4074 suum
332 4011 509 4075 lustrando
550 4013 761 4096 episcopium
806 4014 932 4078 habere
967 4014 1128 4094 uoluerit,
1167 4018 1248 4085 illos

198 4117 313 4176 sumat
340 4111 399 4192 qui
426 4125 612 4194 prouectac
646 4114 770 4178 aetatis
802 4115 884 4193 sint,
912 4134 1059 4198 qnorum
1091 4116 1247 4199 profectu
