2858 4890
256 348 321 413 148
509 363 682 412 cunnrnn
708 361 1049 410 nucuosnxourcnn.

718 615 855 682 now.

678 732 902 829 uincla.

319 913 571 994 ›1⁴FORrulru
603 914 820 977 saeculorum
851 911 1061 995 patrimonia
1084 909 1225 974 incertis
1252 927 1314 970 ne-

263 1022 382 1096 potum
405 1014 609 1078 haeredibus
634 1013 888 1094 relinquuntur,
908 1021 943 1076 et
963 1011 1073 1076 omnis
1092 1008 1211 1074 mundi
1236 1007 1313 1088 glo-

265 1113 318 1176 ria
340 1113 640 1196 appropinquante
661 1112 756 1176 uitae
776 1119 887 1177 morte
910 1111 1056 1176 termino
1079 1110 1123 1174 ad
1147 1107 1312 1172 nichilum

266 1212 410 1275 reducta
433 1213 588 1277 fatescit!
629 1210 764 1276 Idcirco
780 1212 925 1277 terrenis
947 1210 1153 1274 caducarum
1175 1226 1315 1291 posses·

266 1312 421 1375 sionibus
438 1331 573 1393 semper
589 1330 752 1376 mansura
769 1330 939 1393 supernae
955 1309 1089 1392 patriae
1105 1308 1315 1372 emolumen-

267 1417 304 1473 ta
330 1409 571 1492 adipiscentes,
588 1410 725 1476 domino
749 1412 1001 1493 patrocinante,
1025 1410 1127 1473 rebus
1151 1406 1314 1471 recidiuis

264 1508 436 1573 lucranda
463 1518 662 1574 sanctorum
691 1510 905 1589 deceruimus
930 1510 1082 1573 hortatu.
1135 1505 1315 1585 Quamob-

268 1628 340 1671 rem
372 1628 437 1689 ego
470 1610 610 1691 Eadgar
641 1609 841 1674 celsithroni
869 1607 1096 1673 moderatoris
1139 1613 1315 1670 annuente

268 1708 452 1772 clementia
472 1709 580 1793 ¹totius
608 1709 836 1791 Bryttanniae
868 1709 1035 1772 triniatim
1063 1707 1196 1790 potitus
1225 1706 1316 1786 regi-

270 1809 373 1886 mine,
397 1808 441 1871 ad
463 1809 595 1872 aeterni
618 1809 716 1890 regni
738 1808 985 1872 beatitudinem
1009 1814 1084 1871 toto
1110 1806 1235 1869 mentis
1259 1824 1316 1868 co·

270 1914 355 1971 natu
377 1908 547 1989 largiente
570 1908 709 1973 domino
733 1908 851 1971 uenire
873 1907 1071 1971 desiderans
1088 1921 1163 1970 mx.
1180 1903 1315 1968 telluris

270 2014 439 2083 cassatos,
461 2007 496 2069 in
521 2016 660 2071 nostrae
690 2006 898 2071 christianae
925 2005 1101 2088 religionis
1124 2004 1268 2068 exordio
1295 2021 1316 2066 a

268 2103 461 2189 Cyuewrdh
490 2127 572 2188 rege
601 2106 772 2171 catholico
793 2106 1027 2171 Wintoniensi
1048 2105 1250 2180 aecclesiae,
1273 2103 1317 2166 ob

270 2206 497 2270 reuerentiam
528 2225 681 2269 summae
708 2206 886 2284 trinitatis,
910 2206 1052 2290 eiusque
1081 2203 1316 2286 apostolorum

269 2304 370 2368 Petri
388 2311 423 2368 et
440 2305 554 2382 Pauli,
570 2306 791 2369 deuotissime
816 2307 991 2388 largitam,
1007 2305 1107 2369 nouis
1121 2304 1316 2367 litterarum

268 2404 428 2487 apicibus
446 2404 573 2468 domini
593 2405 783 2487 instigante
800 2406 914 2487 gratia
935 2425 1102 2469 renouare
1123 2402 1259 2480 studeo,
1275 2423 1318 2466 ne

270 2523 488 2568 successores
503 2505 640 2569 futurae
665 2506 848 2587 prosapiae
869 2505 1069 2587 ignorantes
1089 2504 1318 2587 possessionis

270 2602 403 2666 domini
428 2604 604 2685 quippiam
631 2604 675 2668 ad
701 2605 835 2668 animae
862 2624 946 2670 suae
975 2604 1219 2669 detrimentum
1245 2604 1320 2666 uio-

272 2701 377 2765 lando
399 2703 568 2780 minuant.
621 2703 847 2785 Supradictae
868 2705 976 2786 igitur
992 2704 1107 2769 telluri
1130 2704 1174 2766 ab
1196 2702 1320 2767 incolis

275 2820 398 2864 nomen
420 2801 567 2865 inditum
590 2802 728 2867 uidetur
744 2810 791 2868 aet
808 2805 1059 2882 Ticceburnan,
1077 2802 1144 2867 and
1166 2809 1214 2866 aet
1230 2803 1321 2867 Beo-

274 2899 401 2984 wyrde,
427 2901 495 2964 and
522 2909 569 2966 aet
592 2901 789 2967 Ufinctune.
863 2903 978 2981 Quam
1006 2923 1083 2967 cum
1111 2902 1319 2983 optimatum

275 3019 427 3064 meorum
451 3002 595 3065 consilio
618 3003 737 3066 eadem
759 3021 930 3066 reuouans
957 3003 1115 3066 libertate
1137 3002 1321 3065 munificus

272 3102 320 3163 ob
337 3101 472 3163 animae
496 3120 592 3164 meae
618 3103 817 3178 remedium,
837 3103 1002 3184 regnique
1019 3121 1060 3170 ac
1081 3120 1321 3166 successorum

274 3199 410 3262 futurae
439 3202 653 3280 posteritatis
680 3201 954 3282 prosperitatem,
979 3201 1204 3265 libentissime
1233 3202 1319 3279 dito,

278 3317 348 3379 qua
377 3298 505 3361 dudum
535 3319 557 3362 a
587 3299 906 3381 praedecessoribus
937 3303 1021 3365 meis
1052 3301 1164 3365 ditata
1195 3302 1320 3366 fuerat.

274 3395 422 3460 >Maneat
439 3396 556 3478 igitur,
573 3405 613 3463 ut
630 3399 806 3480 praefatus
824 3400 981 3482 pontifex
993 3399 1190 3466 AE’oelwold
1213 3401 1323 3465 humi·
1357 3444 1362 3456 =

275 3494 356 3563 liter
384 3494 553 3576 deposcit,
582 3498 675 3562 omni
703 3505 859 3563 terrenae
886 3501 1065 3564 seruitutis
1092 3499 1176 3581 iugo
1201 3501 1323 3578 libera,

277 3594 388 3657 tribus
427 3595 592 3676 exceptis,
633 3604 710 3660 rata
746 3597 907 3663 uidelicet
938 3600 1171 3683 expeditione,
1204 3601 1322 3682 pontis

276 3694 412 3757 arcisue
438 3694 698 3759 restauratione.
752 3696 789 3759 Si
807 3698 885 3780 quis
907 3699 996 3764 hanc
1013 3707 1167 3764 nostram
1184 3699 1321 3762 munifi·

275 3810 352 3855 cam
383 3800 653 3876 renouatamque
681 3795 874 3861 libertatem
906 3798 1029 3862 auidus
1061 3798 1194 3863 uiolare
1220 3818 1321 3880 prae·

277 3892 474 3972 sumpserit,
506 3894 689 3958 anathema
721 3895 779 3971 sit,
810 3903 845 3961 et
875 3898 911 3959 iu
942 3897 1072 3962 Christi
1101 3898 1324 3980 omniumque

277 3997 476 4054 sauctorum
501 3992 741 4057 maledictione
766 4003 979 4077 permaneat,
1012 3997 1079 4061 nisi
1101 4016 1179 4060 cum
1201 3996 1324 4061 humili

275 4088 511 4154 satisfactione
528 4092 708 4173 poenitens
724 4094 970 4160 emendauerit.
