2858 4890
179 373 245 438 326
432 388 604 436 curario
627 385 970 434 Anonosrxonrcrn.

182 546 306 609 AElsric
323 544 407 609 dux.
466 545 596 627 »14Εςο
608 544 778 608 AElfbelm
793 543 877 607 dux.
935 541 1067 625 »14Εςο
1082 539 1239 604 Leofwin

182 646 265 710 dur.
333 645 464 728 ›14Ego
481 646 670 709 AEbelmaer
702 645 868 710 minister.
941 645 980 723 »14
1004 642 1080 723 Ego
1114 639 1247 704 Ordnll'

181 746 349 810 minister.
406 748 445 826 »14
465 745 541 826 Ego
553 744 734 825 Wulsgeat
755 744 921 807 minister.
979 745 1017 823 »14
1034 742 1109 823 Ego
1124 739 1239 833 Wuls·

182 845 271 909 heah
295 845 461 912 minister.
533 847 572 925 »14
596 844 673 925 Ego
690 843 838 908 Wulsric
867 843 1034 907 minister.
1100 843 1140 923 »14
1165 840 1241 921 Ego

185 946 309 1009 Eadric
336 945 503 1009 minister.
575 945 614 1026 »14
632 944 708 1024 Ego
725 944 847 1008 AElfric
870 943 1036 1007 minister.
1106 943 1147 1024 »14
1164 940 1241 1021 Ego

185 1045 336 1110 Brihtric
364 1045 529 1109 minister.
602 1046 642 1127 »14
663 1044 739 1126 Ego
756 1044 931 1125 Birbtsige
956 1043 1122 1106 minister.
1197 1042 1236 1123 »14

186 1146 262 1228 Ego
290 1145 455 1228 Leofwyn
483 1145 650 1209 minister.
732 1146 772 1227 »14
795 1144 871 1226 Ego
895 1142 1046 1207 Siweard
1073 1140 1241 1205 minister.

191 1248 229 1326 »14
249 1247 325 1327 Ego
339 1245 437 1308 Sired
461 1245 626 1308 minister.
683 1246 723 1326 »14
739 1243 816 1325 Ego
832 1243 957 1324 ngin
973 1244 1140 1307 minister.
1198 1242 1238 1323 »14

187 1345 262 1427 Ego
277 1345 441 1429 Leofwyn
458 1345 625 1408 minister.
683 1346 722 1427 »14
740 1344 817 1425 Ego
832 1343 988 1408 AEltelric
1002 1343 1170 1406 minister.

239 1445 376 1525 Uiginti
399 1465 482 1508 uero
506 1453 541 1508 et
563 1463 688 1508 nouem
711 1443 853 1527 praedia
874 1444 1016 1507 suntin
1033 1443 1117 1506 urbe
1133 1441 1243 1506 Wen·

187 1552 279 1615 tana,
297 1545 403 1608 uariis
420 1544 623 1609 disiacentia
640 1546 676 1607 iu
698 1543 795 1622 lociS,
810 1563 898 1625 quae
915 1543 1080 1624 uectigali
1098 1541 1244 1605 seruitio

187 1643 344 1728 praefato
366 1645 545 1709 subiacent
561 1645 782 1722 monasterio,
797 1644 959 1726 omnique
981 1641 1094 1706 alieno
1110 1661 1246 1724 perma-

188 1752 271 1809 nent
296 1750 465 1809 extranea
489 1743 641 1808 dominio
671 1754 707 1808 et
736 1745 871 1809 cunctis
898 1742 1102 1826 poenalibus
1129 1742 1245 1806 causis

187 1844 422 1928 suprascripto
449 1853 571 1911 sancto
599 1844 845 1909 famulantibus
870 1844 959 1916 loco,
987 1842 1080 1925 quod
1107 1843 1246 1924 uulgari

189 1965 254 2008 usu
276 1946 326 2009 ita
342 1943 490 2027 Anglice
514 1945 652 2021 dicitur,
680 1945 788 2027 nigan
814 1944 883 2008 and
902 1960 983 2008 .xx.
1005 1942 1143 2024 hagene
1166 1961 1247 2025 syn·

188 2046 257 2109 don
274 2065 320 2109 on
330 2044 586 2109 Wintaceastre
601 2051 676 2110 rtaet
689 2044 800 2128 hyrad
815 2036 890 2108 into
905 2042 980 2107 baim
997 2050 1165 2126 mynstre,
1176 2043 1247 2107 mid

190 2145 304 2209 eallan
323 2134 401 2209 bam
424 2145 596 2226 gerihtum
614 2145 683 2209 and
703 2135 787 2210 dam
803 2136 912 2209 witan
927 2141 968 2208 de
984 2133 1102 2209 efferos
1119 2143 1246 2207 irisan.

190 2244 294 2310 Anno
312 2244 504 2309 dominicae
523 2246 768 2310 incarnationis
796 2245 978 2310 millesimo
995 2251 1132 2322 octauo,
1150 2243 1248 2325 regni

190 2366 273 2409 uero
300 2346 366 2409 mei
388 2345 561 2409 tricesimo
578 2353 715 2426 quarto.
775 2345 855 2411 Hoc
872 2364 1011 2429 quoque
1035 2344 1126 2407 ruris
1149 2343 1247 2407 addi-

191 2452 382 2510 tamentum
402 2451 606 2526 praenotato
624 2445 936 2510 sanctimonialium
952 2444 1117 2509 coenobio
1136 2444 1248 2508 libens

191 2544 442 2626 snperadiicere
459 2547 602 2624 curaui3
634 2545 764 2623 decem,
780 2546 951 2623 uidelicet,
970 2564 1107 2608 mansas
1131 2545 1193 2608 illo
1213 2545 1249 2607 in

192 2643 268 2708 loco
288 2644 375 2709 sitas
392 2643 452 2727 qui
467 2646 570 2709 solito
589 2645 775 2710 Bulandun
793 2647 930 2711 nomine
948 2645 1037 2711 solet
1053 2645 1247 2727 appellari3

192 2744 403 2827 eandemque
430 2745 565 2809 telluris
592 2746 785 2828 portionem
817 2766 895 2810 cum
927 2746 1086 2810 omnibus
1121 2744 1247 2808 finibus

192 2845 354 2911 simulet
384 2844 574 2909 redditibus
604 2845 647 2909 ad
679 2865 717 2910 se
751 2848 816 2912 rite
842 2845 1092 2930 pertinentibus
1120 2844 1158 2907 in
1185 2845 1248 2910 hoc

192 2945 375 3028 priuilegio
413 2947 562 3009 scribere
592 2946 697 3027 iussi3
738 2954 774 3011 et
804 2967 882 3011 cum
914 2947 970 3011 dei
1002 2944 1247 3029 omnipotentis

192 3052 297 3127 atque
334 3065 411 3110 mea
444 3044 651 3111 auctoritate
685 3048 871 3131 praecipio,
905 3056 944 3112 ut
975 3045 1078 3109 huius
1113 3046 1248 3110 munili-

194 3147 328 3210 centiae
363 3146 598 3229 dapsilitatem
625 3147 740 3211 nullus
774 3148 839 3212 sibi
866 3166 1044 3231 usurpare,
1071 3146 1128 3209 uel
1164 3166 1249 3210 ausu

194 3248 376 3310 temerario
402 3246 490 3310 hanc
515 3248 553 3311 in
578 3247 671 3311 aliud
689 3248 772 3330 quid
791 3249 985 3325 immutare,
1003 3254 1039 3310 et
1055 3265 1078 3308 a
1094 3247 1250 3328 praefato

194 3347 402 3410 monasterio
427 3347 596 3412 uiolenter
624 3349 769 3426 auferre,
790 3355 999 3431 praesumat.
1065 3346 1134 3409 Sed
1168 3347 1251 3410 haec

194 3465 332 3528 quoque
353 3448 466 3529 portio
488 3448 615 3530 iugiter
639 3449 748 3512 libera
774 3456 985 3531 permaneat,
1008 3445 1141 3525 eadem,
1160 3447 1250 3511 scili-

194 3552 261 3621 cet,
285 3546 444 3611 libertate
472 3567 543 3629 qua
572 3549 725 3631 reliquae
748 3550 985 3631 possessiones
1011 3567 1101 3630 quae
1127 3548 1165 3612 in
1188 3547 1251 3612 boc

195 3645 376 3728 priuilegio
399 3649 613 3732 conscriptae
636 3655 730 3728 sunt,
748 3648 875 3714 liberae
894 3649 1060 3714 existunt.
