2858 4890
260 339 324 404 142
514 354 687 404 charran
710 355 1054 407 luciosaxouroun.

257 521 371 578 torum
388 513 557 578 subnixus
577 513 821 597 praecipiant
839 533 938 578 nemo
958 531 1194 578 suceessorum
1217 533 1314 580 meo-

257 634 334 678 rum
357 614 422 678 hoc
445 622 601 678 nostrum
616 614 790 678 decretum
807 614 1161 697 restaurationemque
1176 633 1315 697 posses-

257 714 393 777 sionum
425 714 670 778 aecclesiastici
703 715 793 778 ruris
824 714 957 778 uiolare
985 715 1042 778 uel
1072 716 1226 778 minuere
1258 716 1315 777 in-

257 814 388 878 stinctu
405 813 581 877 daemonis
603 833 824 897 praesumens
843 814 981 878 audeat.
1024 813 1095 893 Qui
1115 822 1230 879 autem
1244 814 1314 878 hoc

258 920 416 978 nostrum
441 914 615 978 decretum
651 914 914 996 libertatemque
944 915 1029 978 iuris
1063 915 1314 979 aecclesiastici

259 1032 386 1095 augere
412 1014 575 1077 munifica
604 1013 752 1078 uoluerit
775 1015 986 1097 dapsilitate,
1002 1022 1129 1097 augeat
1151 1013 1313 1096 omnipo-

259 1119 336 1176 tens
353 1114 510 1178 dominus
529 1115 604 1178 eius
626 1121 661 1177 et
680 1114 789 1178 uitam
807 1120 843 1177 et
857 1115 1120 1196 prosperitatem
1143 1114 1200 1178 hic
1224 1115 1315 1177 etin

258 1212 376 1278 suturo
391 1214 541 1291 saeculo,
563 1222 733 1297 ruantque
748 1214 938 1277 aduersarii
957 1216 1073 1279 cuncti
1090 1221 1170 1278 ante
1187 1215 1314 1278 faeiem

259 1313 334 1376 eius
364 1320 495 1377 terrore
525 1313 653 1377 domini
683 1314 849 1378 uelociter
879 1314 1057 1395 prostrati,
1079 1316 1314 1397 robustusque

259 1413 383 1490 uictor,
402 1412 531 1477 Christi
557 1413 769 1495 suffragante
799 1413 924 1495 gratia,
946 1432 1082 1496 semper
1104 1415 1159 1478 sui
1190 1433 1316 1479 cursus

260 1513 374 1576 stadio
411 1513 599 1595 persistens
635 1513 765 1594 uigeat,
795 1513 975 1596 omnisque
1005 1515 1079 1578 eius
1109 1533 1315 1578 successura

259 1612 444 1694 posteritas
477 1613 612 1695 pollens
639 1619 806 1696 perpetuo
840 1613 1017 1697 proficiat;
1057 1614 1117 1696 qni
1144 1633 1229 1678 uero
1251 1633 1315 1677 an·

260 1712 331 1776 dax
360 1721 602 1796 praesumptor
621 1731 710 1777 ausu
738 1713 918 1777 temerario
946 1712 1160 1796 philargyria
1191 1714 1316 1778 seduc·

262 1820 330 1889 tus,
372 1813 504 1877 uiolare
541 1813 739 1876 minuereue
770 1811 1005 1896 temptauerit,
1045 1814 1202 1878 deleatur
1238 1813 1314 1876 eins

261 1931 386 1976 nomen
405 1913 448 1978 de
470 1913 557 1977 lihro
581 1914 687 1989 uitae,
709 1931 750 1977 ac
770 1934 833 1996 per
846 1912 939 1977 beati
957 1911 1054 1978 Petri
1076 1914 1312 1996 apostolorum

259 2013 427 2096 principis
461 2015 627 2095 regnique
667 2013 839 2077 coelorum
869 2012 1035 2096 clauigeri
1069 2015 1314 2079 auctoritatem

260 2113 424 2196 paradysi
443 2113 554 2177 ianuis
578 2114 786 2191 eliminatus,
803 2113 953 2178 aeternis
969 2110 1124 2178 barathri
1144 2114 1314 2178 incendiis

259 2213 388 2294 iugiter
412 2214 587 2277 ustulatus
612 2212 813 2278 Acheronte
839 2214 960 2297 putido
988 2214 1187 2297 torridoqne
1210 2214 1315 2278 suffo-

260 2321 372 2389 catus,
387 2332 464 2377 cum
484 2313 574 2377 Inda
590 2313 720 2378 Christi
734 2314 910 2396 proditore
927 2315 1070 2396 eiusque
1085 2314 1313 2396 complicibus

260 2413 402 2495 perenni
431 2413 630 2477 calamitate
660 2413 803 2496 iugique
833 2415 982 2491 miseria,
1002 2423 1039 2478 'a
1073 2414 1138 2478 deo
1170 2422 1206 2479 et
1239 2434 1313 2479 om-

261 2513 362 2576 nibus
385 2514 514 2577 sanctis
538 2514 630 2578 iusto
656 2513 866 2596 dampnatus
888 2515 1053 2596 puniatur
1078 2514 1219 2592 iudicio,
1245 2515 1314 2578 nisi

259 2612 497 2676 satisfactione
519 2633 672 2695 congrua
692 2615 893 2690 restituerit,
914 2615 1005 2697 quod
1027 2615 1064 2678 in
1081 2613 1212 2678 Christi
1234 2634 1315 2698 pos-

259 2713 413 2777 sessione
427 2713 581 2778 minuere
596 2714 839 2798 praesumpsit

744 3009 822 3076 nc.

676 3135 897 3225 uincla.

317 3312 356 3393 ›1‹
371 3312 543 3374 Bnrttortu
570 3327 634 3373 nos
664 3309 909 3373 exhortatione
940 3307 1216 3392 patientissimus
1248 3307 1315 3373 Iob

261 3429 511 3492 aerumpnosae
528 3409 650 3499 caduci
667 3408 798 3473 saeculi
814 3409 910 3474 uitae
926 3409 1085 3491 fragilem
1099 3426 1315 3492 conquerens

260 3510 494 3574 calamitatem
517 3507 637 3572 subtili
654 3509 847 3592 proclamat
863 3509 1028 3590 indagine
1044 3509 1183 3588 dicens3
1212 3516 1221 3543 ‘
1236 3508 1273 3572 N
1274 3529 1315 3573 u·
1334 3593 1336 3597 y

259 3609 324 3674 dus
338 3628 498 3692 egressus
515 3627 592 3672 sum
608 3609 651 3673 de
668 3618 767 3685 utero
785 3610 906 3675 matris
924 3629 1033 3686 meae,
1051 3616 1087 3674 et
1102 3609 1218 3672 nudus
1231 3608 1315 3672 illuc

258 3717 415 3776 reuertar
427 3709 447 3790 ;'
470 3718 506 3774 et
521 3710 658 3786 iterum,
681 3709 824 3774 ‘Niohil
841 3711 1020 3775 intulimus
1040 3709 1076 3774 in
1098 3708 1190 3772 hunc
1213 3727 1316 3772 mun·

259 3812 352 3888 dum,
370 3830 490 3875 uerum
515 3829 577 3873 nec
595 3810 729 3874 auferre
752 3812 796 3874 ah
812 3830 854 3874 eo
872 3811 952 3894 quid
977 3810 1168 3894 poterimus
1180 3808 1202 3872 :’
1226 3828 1314 3891 qua·

258 3920 400 3994 propter
422 3930 487 3992 ego
511 3910 653 3991 Eadgar
674 3910 794 3974 diuina
822 3910 963 3975 fauente
991 3909 1176 3974 clementia
1201 3909 1316 3974 tocius

258 4008 419 4074 Albionis
434 4009 599 4087 basileus,
625 4012 719 4074 intra
741 4011 810 4075 mei
826 4011 978 4094 pectoris
1004 4010 1156 4074 archano
1172 4011 1318 4092 superni

258 4110 488 4175 moderatoris
513 4109 680 4175 instinctu
710 4117 866 4176 attactus
894 4111 1022 4176 obnixe
1047 4109 1164 4172 rimari
1193 4127 1319 4194 coepe
