2858 4890
404 369 576 418 cHARTAn
599 371 939 419 ANonosAxorucAn.
1179 359 1201 421 7

149 527 316 589 renouaui
334 534 438 611 atque
454 529 648 593 restauraui
665 528 860 592 libertatem
884 527 927 590 ad
951 529 1196 591 monasterium

147 625 239 707 quod
256 625 464 711 Ceortesege
482 636 565 692 noto
584 636 803 711 nuncupatur
819 635 991 704 onomate,
1009 629 1197 693 secundum

148 725 239 806 quod
264 728 358 810 prius
375 728 471 792 illam
494 748 557 792 rex
575 728 823 792 Fribeuualdus
836 735 881 791 et
902 736 1044 791 sanctus
1061 727 1195 792 Erken-

147 825 297 890 unaldus
321 829 542 906 constituere,
565 829 624 911 qui
649 848 687 891 se
713 829 777 892 sub
797 829 871 891 iure
898 828 1126 892 haereditario
1151 829 1195 892 ad

147 926 341 1009 praefatum
367 929 614 992 monasterium
640 948 716 991 cum
741 936 816 992 tota
837 928 1032 993 substantia
1051 947 1092 991 ac
1114 949 1195 1012 pos-

145 1026 300 1091 sessione
334 1028 379 1091 ad
416 1027 555 1092 Christo
591 1028 809 1092 seruiendum
843 1028 1191 1109 commendauerunt;

145 1127 311 1207 quatinus
342 1129 441 1191 nobis
468 1129 504 1191 in
532 1147 713 1192 commune
743 1128 936 1192 misericors
975 1137 1010 1191 et
1044 1128 1193 1192 clemens

145 1245 258 1288 rerum
275 1228 433 1293 conditor
454 1228 498 1291 ad
520 1228 792 1292 uicissitudinem
815 1227 916 1291 huius
938 1227 1193 1294 munificentiae

145 1333 180 1389 et
218 1327 485 1392 emolumentum
521 1328 694 1410 largitatis
730 1335 846 1391 errata
881 1328 1095 1410 piaculorum
1139 1329 1191 1391 in·

144 1424 287 1508 dulgeat
324 1435 358 1491 et
385 1428 545 1491 coelestis
585 1420 690 1510 regni
721 1427 968 1492 beatitudinem
1009 1429 1187 1510 inpendat.

145 1524 216 1601 Qui
240 1527 345 1590 etiam
374 1528 551 1610 praefatus
581 1529 689 1592 abbas
716 1527 980 1591 Erkenuualdus
1005 1528 1091 1591 illud
1120 1530 1189 1612 pri-

143 1624 307 1707 uilegium
334 1628 426 1710 quod
451 1629 617 1692 hactenus
641 1630 676 1691 in
700 1627 856 1710 praefato
882 1628 1029 1691 habetur
1053 1648 1189 1692 monas-

144 1725 230 1790 terio
250 1726 286 1789 in
305 1726 477 1792 Romulea
500 1729 584 1791 urbe
607 1729 757 1810 petebat,
774 1728 911 1809 aliaque
935 1728 1190 1810 quamplurima

143 1825 327 1909 priuilegia
351 1847 440 1911 quae
465 1829 575 1892 nostri
603 1836 838 1892 antecessores
868 1847 930 1910 pro
957 1827 1189 1910 redemptione

143 1927 333 1990 animarum
367 1948 508 1993 suarum
539 1935 574 1991 et
605 1949 668 2010 pro
701 1928 860 1992 coelestis
889 1928 987 2009 regni
1018 1928 1188 1992 desiderio

142 2027 408 2104 constituerunt,
430 2029 466 2090 in
487 2028 548 2092 illo
571 2029 780 2093 monasterio
806 2028 937 2110 scripta
959 2027 1189 2092 continentur.

144 2124 244 2189 Haec
266 2133 320 2190 est
343 2128 480 2191 interim
501 2128 563 2191 illa
591 2128 733 2192 libertas
755 2147 859 2210 quam
881 2135 921 2191 ut
941 2127 1189 2209 perpetualiter

141 2226 177 2288 in
210 2228 409 2308 saepedicto
440 2230 650 2292 monasterio
678 2235 891 2310 permaneat,
916 2226 1032 2291 animo
1066 2227 1188 2293 libenti

141 2327 315 2391 constituo
349 2336 384 2391 et
416 2328 591 2392 confirmo·
657 2328 737 2391 Hoc
775 2335 829 2391 est
866 2327 998 2391 scilicet
1033 2329 1187 2411 quinque

141 2446 280 2490 mansas
296 2427 333 2491 in
349 2428 418 2492 situ
434 2429 585 2493 eiusdem
609 2428 809 2492 monasterii
828 2443 875 2491 .x.
894 2428 998 2491 etiam
1015 2429 1051 2490 in
1067 2427 1186 2511 Thorp

143 2543 222 2590 .xx.
251 2528 288 2591 in
316 2528 471 2610 Egeham
496 2548 576 2592 cum
607 2528 819 2610 Hingefelda
845 2545 890 2590 .V.
920 2528 955 2589 in
987 2526 1186 2591 Chabeham

139 2646 216 2690 cum
236 2627 449 2710 Bussoleghe
465 2648 544 2691 cum
563 2629 784 2692 Fremesham
799 2634 835 2690 et
852 2627 1084 2710 Fremesleya,
1099 2647 1187 2709 quas

140 2728 184 2790 ab
205 2730 298 2792 omni
320 2729 451 2792 tributo
474 2728 583 2810 regali
599 2730 726 2807 liberas
749 2747 824 2791 esse
848 2726 1021 2806 concedo'3
1045 2735 1079 2790 et
1097 2726 1186 2791 hano

139 2828 313 2909 priuilegii
345 2828 548 2911 dignitatem
585 2828 736 2906 confero,
773 2835 814 2891 ut
845 2828 919 2890 sine
951 2826 1184 2908 inpedimento

138 2928 367 2992 saecularium
393 2948 506 2992 rerum
530 2937 565 2993 et
585 2930 716 3011 absque
736 2928 865 2991 tributo
888 2926 1057 2990 fiscalium
1075 2947 1183 3009 nego·

138 3028 265 3091 tiorum
295 3028 389 3092 illius
420 3028 488 3092 loci
519 3029 731 3093 habitatores
762 3027 878 3091 liberis
915 3027 1087 3089 mentibus
1118 3027 1183 3089 deo

137 3128 203 3192 soli
228 3129 393 3204 seruiant,
420 3136 455 3192 et
477 3130 703 3193 monasticam
730 3127 939 3192 coenobialis
962 3125 1055 3189 uitae
1079 3124 1182 3188 disci-

137 3229 267 3311 plinam
288 3228 427 3292 Christo
449 3227 649 3311 suffragium
670 3229 839 3308 largiente
858 3225 1063 3307 regulariter
1084 3245 1183 3289 exer-

136 3336 250 3405 ceant,
276 3348 317 3392 ac
343 3349 407 3412 pro
436 3335 532 3392 statu
561 3338 596 3394 et
619 3329 849 3412 prosperitate
878 3325 976 3407 regni
1009 3326 1118 3390 nostri
1147 3333 1183 3389 et

135 3427 352 3510 indulgentia
373 3429 632 3493 commissorum
655 3428 836 3493 criminum
858 3433 939 3489 ante
959 3433 1182 3507 conspectum

136 3527 274 3591 diuinae
296 3530 488 3593 maiestatis
511 3549 630 3611 preces
649 3528 791 3592 fundere
807 3534 987 3604 conentur,
1002 3534 1037 3589 et
1053 3527 1182 3590 oratio·

136 3648 217 3690 num
232 3627 344 3692 officia
356 3628 615 3711 frequentantes
635 3628 672 3691 in
694 3628 870 3692 aecclesiis
892 3647 955 3709 pro
976 3632 1095 3689 nostra
1111 3625 1181 3689 fra-

135 3729 271 3809 gilitate
303 3729 478 3792 dominum
511 3729 730 3812 interpellare
762 3729 929 3792 nitantur.
998 3725 1099 3789 Haec
1128 3733 1181 3790 est

135 3829 225 3892 enim
257 3829 389 3912 reliqua
422 3828 621 3893 uillularum
651 3829 823 3912 possessio
850 3846 939 3910 quae
966 3825 1010 3888 ad
1034 3825 1179 3888 eundem

136 3929 382 3993 monasterium
415 3928 481 3992 rite
512 3931 666 3994 noscitur
699 3929 869 4010 pertinere
904 3944 954 3990 .x.
987 3924 1182 3987 mansiones

134 4032 169 4093 in
203 4028 473 4093 Piten‘cbesham
508 4047 616 4094 .xxx.
656 4030 691 4092 in
723 4027 869 4092 Suttone
903 4047 981 4089 cum
1012 4023 1181 4086 cubilibus

135 4149 316 4213 porcorum
347 4151 437 4214 quae
469 4130 551 4194 illuc
586 4129 770 4212 pertinent,
800 4127 931 4191 scilicet
960 4126 995 4187 in
1030 4122 1181 4186 Dunres·
