2858 4890
452 387 627 439 cusam
648 386 991 438 auoiosaxourcas.
1185 373 1253 440 309

659 645 792 711 ΒΟΟῙ.

525 793 818 874 *AEDELREn
838 796 916 861 998.

254 946 295 1026 ›1‹
312 943 424 1010 Auno
461 946 711 1012 incarnationis
744 947 936 1012 dominicae
968 964 1105 1012 mcccc.
1138 968 1248 1014 nona-

194 1045 326 1126 gesimo
350 1054 488 1112 octauo.
538 1047 617 1130 Ego
634 1047 842 1113 AEttelredus
869 1048 977 1112 totius
1004 1045 1164 1113 Albionis
1191 1050 1248 1114 dei

191 1147 405 1227 gubernante
431 1147 666 1212 moderamine
690 1147 854 1224 basileus,
882 1147 1050 1212 suadente
1076 1148 1247 1232 archiepi-

190 1252 295 1328 scopo
313 1247 471 1325 AElfrico,
495 1266 575 1312 cum
596 1248 741 1312 consilio
759 1267 910 1312 meorum
939 1249 1178 1331 episcoporum
1204 1269 1246 1314 ac

188 1346 382 1430 principum
412 1365 477 1411 seu
503 1347 670 1413 nobilium
700 1347 872 1431 micbique
901 1346 1052 1413 fidelium
1084 1350 1246 1414 assisten-

189 1447 288 1523 tium,
304 1448 412 1511 annui
425 1448 732 1532 episcopoWlsino
749 1448 907 1512 ordinare
924 1448 1145 1515 monachicae
1164 1469 1246 1515 con·

187 1548 396 1613 uersationis
411 1567 567 1612 normam
579 1557 780 1632 castamque
796 1549 905 1612 uitam
922 1556 958 1612 et
968 1549 1034 1613 deo
1048 1550 1243 1628 amabilem,

187 1647 378 1711 secuudum
392 1648 647 1713 institutionem
662 1649 775 1713 sancti
790 1649 901 1732 patris
916 1648 1095 1712 Benedicti
1112 1650 1148 1712 in
1164 1669 1243 1717 coe·

187 1747 292 1812 nobio
315 1747 593 1813 Scireburneusis
614 1749 812 1823 aecclesiae,
840 1769 883 1814 ea
901 1749 1046 1825 ratione,
1069 1748 1242 1829 uidelicet,

186 1854 224 1912 ut
237 1847 397 1932 quisquis
408 1867 588 1913 successor
602 1849 634 1913 ei
649 1848 839 1925 aduenerit,
849 1847 924 1912 siue
939 1848 1016 1930 pios
1032 1849 1106 1917 siue
1123 1849 1244 1914 crude-

186 1946 240 2025 lis,
274 1967 347 2013 non
381 1948 508 2014 babeat
537 1949 738 2015 facultatem
768 1949 858 2013 male
886 1955 1036 2013 tractare
1063 1968 1118 2013 res
1143 1969 1241 2015 mon·

186 2047 366 2127 achorum3
385 2048 433 2113 sit
442 2055 563 2132 pastor
575 2069 647 2114 non
658 2056 838 2132 tyranms,
852 2050 1020 2130 gubernet
1034 2048 1078 2112 ad
1094 2049 1240 2114 fratrum

185 2147 372 2213 utilitatem
395 2149 582 2214 secundum
607 2149 817 2233 pastoralem
841 2149 1083 2213 auctoritatem
1108 2168 1177 2212 non
1196 2150 1241 2215 ad

185 2248 339 2331 lupinam
371 2249 611 2333 rapacitatem,
640 2255 762 2332 pascat
792 2268 874 2312 suos
905 2248 949 2312 ad
976 2268 1014 2312 se
1044 2257 1241 2330 sequentes,

184 2347 312 2413 babeat
330 2349 407 2432 ipse
428 2348 523 2413 solus
546 2348 677 2414 uictum
700 2349 791 2412 inter
811 2348 947 2425 fratrea,
967 2347 1057 2412 sicut
1073 2349 1240 2433 scriptum

185 2458 251 2525 cst,
273 2448 496 2532 ‘Principem
519 2449 726 2532 populorum
750 2457 786 2514 te
814 2447 989 2524 constitui,
1007 2455 1082 2513 esto
1106 2447 1142 2512 in
1169 2450 1240 2514 illis

185 2549 285 2632 quasi
307 2568 398 2613 unus
423 2569 469 2613 ex
488 2546 579 2614 illis?
631 2549 749 2631 Rogat
776 2549 850 2630 ipse
869 2549 970 2611 iuxta
992 2550 1183 2613 animarum
1204 2558 1240 2614 et

184 2667 368 2733 corporum
385 2649 572 2714 utilitatem
595 2649 826 2715 substantiam
852 2648 1052 2712 monasterii
1077 2650 1128 2712 ita
1151 2649 1238 2713 dun·

184 2755 292 2814 taxat.
313 2756 354 2814 ut
379 2749 524 2814 fratrum
550 2750 694 2814 consilio
722 2748 864 2813 nonsit
890 2749 1047 2830 ignotum
1076 2749 1239 2832 quicquid

184 2857 323 2932 agatur.
368 2849 415 2914 Et
435 2850 467 2914 si
485 2840 587 2929 forie,
604 2849 696 2933 quod
713 2849 816 2925 absit,
832 2848 985 2912 euenerit
1007 2854 1046 2911 ut
1068 2855 1188 2930 pastor
1204 2857 1239 2914 et

184 2968 269 3032 grex
299 2948 551 3026 discordantur,
579 2969 715 3033 semper
741 2948 785 3012 ad
814 2968 960 3014 examen
989 2948 1239 3030 archiepiscopi

184 3057 392 3128 reseruetur,
423 3058 458 3114 et
487 3050 564 3134 ipse
595 3051 670 3132 regi
702 3050 839 3114 intimet
871 3055 910 3112 ut
942 3049 1036 3112 iusta
1070 3049 1238 3112 correctio

183 3157 362 3234 sequatur.
413 3150 460 3214 Et
485 3151 569 3233 quia
599 3168 674 3215 mos
699 3150 839 3213 minime
863 3148 955 3230 apud
978 3166 1041 3211 nos
1067 3148 1239 3212 consentit

184 3252 274 3316 utin
290 3248 479 3333 episcopali
500 3249 582 3314 sede
605 3251 713 3314 abbas
730 3249 973 3325 constituatur,
990 3248 1053 3314 fiat
1069 3248 1144 3329 ipse
1166 3249 1238 3330 epi·

183 3369 308 3434 scopus
325 3351 375 3413 eis
395 3350 503 3415 abbas
522 3357 558 3415 et
573 3357 685 3432 pater,
701 3355 736 3414 et
756 3349 823 3431 ipsi
845 3347 970 3412 fratres
993 3347 1190 3411 obedientes
1207 3348 1238 3411 ei

183 3452 253 3516 sint
268 3450 374 3516 sicuti
390 3449 452 3514 filii
468 3457 504 3514 et
520 3449 680 3514 monachi
702 3469 780 3514 cum
803 3448 965 3513 castitate
987 3454 1022 3511 et
1043 3447 1237 3510 humilitate

183 3557 218 3614 et
231 3551 447 3615 subiectione
463 3550 652 3614 secundum
672 3548 889 3630 disciplinam
906 3547 988 3611 almi
1004 3548 1114 3629 patris
1130 3545 1240 3611 nostri

182 3651 377 3728 Benedicti,
391 3658 431 3714 ut
452 3670 523 3715 uua
543 3649 702 3713 breuium
728 3655 890 3713 aeternae
917 3666 1064 3711 coronae
1086 3648 1240 3729 accipere

182 3760 389 3821 mereantur.
455 3750 502 3814 Et
529 3750 704 3833 quoniam,
733 3750 823 3812 sicut
852 3748 901 3811 ait
932 3745 1123 3828 apostolae,
1140 3745 1240 3811 ‘Nos

181 3870 301 3917 sumus
322 3851 359 3915 in
376 3869 464 3932 quos
486 3850 572 3914 fines
587 3848 803 3914 saeculorum
819 3845 1055 3922 deuenerunt,’
1073 3853 1108 3912 et
1126 3845 1239 3909 multi-

182 3951 310 4034 plicato
328 3951 401 4016 iam
417 3969 543 4032 genere
559 3949 723 4026 humano,
737 3947 825 4012 adeo
841 3955 882 4012 ut
897 3946 1075 4029 perplures
1089 3943 1168 4028 grp¹
1186 3945 1239 4009 in-

183 4052 283 4135 opiae
299 4051 391 4117 ruris
407 4070 477 4116 non
493 4051 660 4115 habentes
681 4049 740 4112 ubi
762 4048 819 4113 uel
841 4046 970 4113 arando
996 4046 1053 4110 uel
1077 4044 1240 4113 fodiendo

595 4212 599 4218 -
644 4173 655 4211 ²
671 4176 714 4228 Sic
725 4176 782 4227 MS.
