2858 4890
179 349 246 414 356
437 365 608 413 cunnrnu
632 363 977 412 succosnxomcaa.

183 524 363 587 nationum
392 523 500 586 totius
530 522 644 603 gentis
668 521 898 597 Brittanniae,
926 539 990 601 pro
1017 519 1244 602 adipiscenda

184 624 343 688 coelestis
361 624 455 687 uitae
471 622 636 704 praemia,
651 620 785 684 cuidam
800 619 1023 684 deuotissimo
1038 621 1093 684 dei
1111 619 1245 682 famulo

186 722 383 800 Goduuino,
419 722 603 786 Hrosensis
631 720 836 802 paroechiae
865 720 1027 802 episcopo
1070 719 1246 801 michique

185 825 311 906 oppido
337 822 551 886 familiariter
575 820 715 896 dilect0,
737 820 828 884 dono
855 820 987 883 liberali
1004 820 1149 883 dextera
1165 836 1245 882 ‚xm

185 942 325 987 mansas
350 931 530 998 terrarum,
557 921 593 983 in
611 920 695 983 nilla
720 927 767 984 aet
785 919 948 997 Stantun,
974 929 1010 984 et
1035 927 1082 984 aet
1099 919 1245 995 Hiltun‚

187 1043 265 1087 cum
280 1022 439 1086 omnibus
456 1021 670 1103 appendiciis
685 1021 771 1098 suis,
788 1021 822 1084 in
834 1020 973 1102 pascuis
988 1030 1023 1083 et
1035 1020 1156 1102 pratis,
1169 1039 1245 1082 om·

187 1122 355 1204 nibusque
381 1140 470 1203 quae
495 1120 637 1184 huiusce
654 1121 758 1184 uillae
782 1126 865 1183 sunt
891 1120 987 1197 iuris,
1006 1129 1044 1183 ut
1061 1119 1246 1202 possidens

188 1222 383 1306 perenniter
412 1221 609 1303 possideat;
644 1227 680 1283 et
704 1226 786 1302 post
817 1239 854 1283 se
882 1219 1063 1283 haeredem
1091 1221 1147 1284 cui
1178 1221 1247 1283 sibi

189 1321 326 1385 libuerit
352 1320 540 1403 praeficiat,
564 1340 606 1383 ea
629 1319 834 1402 interposita
858 1321 1004 1396 ratione,
1026 1326 1065 1383 ut
1086 1321 1160 1401 iugi
1185 1321 1248 1384 de-

189 1421 388 1504 precatione
405 1439 467 1502 pro
482 1438 578 1484 meae
596 1419 719 1484 salutis
733 1420 934 1501 integritate
951 1420 1123 1484 dominum
1140 1423 1248 1484 inter-

190 1520 353 1602 pellando
379 1527 510 1584 exoret.
577 1519 664 1583 Erat
692 1526 806 1584 autem
840 1519 959 1583 eadem
990 1521 1075 1583 uilla
1107 1521 1245 1584 cuidam

189 1628 381 1695 matronae,
409 1620 544 1682 nomine
575 1617 787 1697 AEdelflaede,
816 1619 981 1683 derelicta
1010 1639 1033 1683 a
1064 1621 1140 1684 uiro
1167 1640 1247 1699 sno,

191 1721 339 1784 obeunte
355 1719 429 1794 illo,
446 1738 535 1801 qnae
552 1720 656 1783 etiam
678 1719 829 1783 habebat
843 1739 1043 1800 germanum
1061 1721 1249 1802 quendam,

191 1820 361 1885 uocabulo
380 1817 591 1895 Leofsinum,
609 1838 710 1900 quem
728 1818 770 1881 de
786 1819 936 1902 satrapis
953 1821 1090 1884 nornine
1107 1821 1185 1899 tuli,
1203 1822 1248 1886 ad

193 1920 345 1985 celsioris
375 1919 506 2001 apicem
542 1918 723 1999 dignitatis
755 1918 897 2001 dignum
928 1920 1014 1984 duxi
1044 1941 1252 2004 promouere

192 2022 313 2085 ducem
346 2019 598 2095 constituendo,
635 2019 780 2096 scilicet,
817 2039 908 2107 eum,
945 2021 1037 2084 unde
1075 2022 1252 2087 humiliari

194 2121 305 2203 magis
326 2120 505 2193 debuerat,
520 2119 610 2182 sicut
627 2118 764 2196 dicitur,
776 2127 785 2153 ‘
799 2119 993 2202 Principem
1011 2128 1045 2184 te
1059 2124 1252 2188 constitue-

194 2229 287 2298 runt,
306 2220 377 2284 noli
402 2218 548 2294 extolli,'
575 2226 610 2283 et
636 2227 785 2283 caetera.
836 2219 904 2285 Sed
927 2221 1000 2303 ipse
1020 2221 1084 2287 hoc
1107 2223 1252 2303 oblitus,

193 2339 335 2386 cernens
352 2319 442 2381 sein
459 2318 607 2382 culmine
626 2318 766 2383 maioris
782 2326 895 2383 status
911 2323 975 2385 sub
990 2331 1117 2404 rogatu
1139 2323 1251 2388 famu-

195 2421 260 2484 lari
275 2419 341 2483 sibi
356 2417 558 2500 pestilentes
572 2420 714 2501 spiritus
730 2420 900 2502 promisit,
908 2423 1099 2503 superbiae,
1105 2424 1253 2502 scilicet,

195 2527 232 2585 et
264 2519 441 2594 audaciae,
473 2518 597 2599 quibus
626 2518 869 2585 nichilominus
893 2522 968 2603 ipse
993 2541 1030 2585 se
1058 2522 1192 2589 dedidit
1217 2527 1253 2590 in

198 2627 345 2695 tanturn,
356 2626 395 2705 ut
407 2617 670 2700 floccipenderet
685 2621 768 2701 quin
779 2621 966 2685 offensione
983 2623 1187 2688 multimoda
1199 2647 1253 2690 me

197 2718 373 2784 multoties
396 2718 551 2800 grauiter
567 2719 772 2799 offenderet3
799 2740 880 2784 nam
904 2722 1113 2804 praefectum
1138 2746 1253 2790 meum

198 2819 359 2895 AEficum,
376 2838 477 2900 quem
505 2820 685 2900 primatem
709 2820 799 2883 inter
824 2822 988 2904 primates
1005 2843 1099 2888 meos
1118 2828 1253 2904 taxaui,

199 2940 268 2985 non
296 2926 479 2983 cunctatus
501 2919 537 2981 in
564 2919 703 3002 propria
726 2921 828 2984 domo
849 2921 923 2985 eius
939 2942 980 2987 eo
997 2923 1106 2988 inscio
1127 2928 1252 3008 perim-

199 3040 268 3097 ere,
298 3019 391 3101 quod
435 3018 601 3082 nefarium
636 3026 671 3083 et
704 3021 921 3102 peregrinum
955 3041 1042 3105 opus
1074 3034 1129 3090 est
1160 3028 1254 3110 apud

200 3119 405 3184 christianos
426 3130 460 3182 et
476 3119 634 3200 gentiles.
688 3118 836 3185 Peracto
851 3123 970 3205 itaque
987 3124 1116 3188 scelere
1134 3129 1179 3190 ab
1201 3148 1255 3205 eo,

200 3221 262 3285 inii
285 3220 466 3282 consilium
491 3238 567 3281 cum
597 3219 809 3300 sapientibus
836 3223 935 3303 regni
959 3225 1025 3286 mei
1053 3233 1188 3307 patena,
1217 3236 1255 3292 ut

201 3318 282 3401 quid
300 3318 373 3382 fieri
391 3317 580 3400 placuisset
603 3319 645 3381 de
663 3318 724 3381 illo
744 3319 977 3399 decernerent,
996 3324 1198 3410 placuitque
1220 3330 1255 3392 in

202 3437 382 3487 commune
401 3417 500 3482 nobis
518 3438 595 3482 eum
613 3419 756 3482 exulare
776 3427 811 3484 et
826 3429 999 3486 extorrem
1019 3443 1041 3487 a
1060 3427 1160 3489 nobis
1182 3428 1255 3493 fieri

202 3537 279 3580 curn
311 3517 535 3598 complicibus
565 3518 656 3582 suis:
695 3520 881 3583 statuimus
915 3522 1019 3586 etiam
1048 3525 1255 3593 inuiolatum

202 3617 323 3681 foedus
342 3616 432 3679 inter
455 3636 530 3694 nos,
549 3617 638 3699 quod
663 3618 722 3699 qui
748 3622 1036 3703 praesumpsisset
1057 3625 1257 3709 infringere,

203 3716 456 3781 exhaereditari
467 3736 504 3779 se
513 3717 617 3780 sciret
632 3719 789 3781 omnibus
800 3718 940 3796 habitis,
949 3721 1014 3786 hoc
1024 3733 1089 3802 cst,
1101 3734 1142 3791 ut
1157 3749 1257 3794 nemo

203 3825 360 3880 nostrum
383 3815 512 3897 aliquid
530 3814 755 3882 humanitatis
772 3818 829 3883 uel
843 3822 1097 3888 commoditatis
1114 3829 1147 3891 ei
1163 3849 1256 3893 sum-

203 3915 425 3980 ministraret.
474 3914 580 3978 Hanc
611 3918 761 3997 optionis
790 3919 991 3985 electionem
1023 3925 1256 4005 posthabitam

203 4015 320 4080 nichili
342 4014 462 4077 habuit
478 4033 576 4078 soror
597 4016 671 4078 eius
686 4017 870 4082 AEaelflaed
894 4021 1010 4086 omnia
1033 4042 1123 4104 quae
1147 4032 1256 4110 possi-

202 4115 348 4180 bilitatis
372 4114 446 4178 cius
463 4122 573 4190 erant,
592 4122 627 4179 et
646 4117 808 4182 utilitatis
836 4118 953 4184 fratris
975 4125 1135 4191 omnibus
1161 4150 1257 4196 exer·
