2858 4890
180 369 247 434 310
429 381 603 431 curnrnn
630 381 977 430 huonosnxomonn.

184 543 432 625 agriculturam
452 547 653 604 exercentes
674 540 805 603 uictum
827 537 1076 621 adipiscantur,
1099 538 1245 621 insuper

185 651 221 708 et
245 649 420 707 crescente
442 640 656 724 philargyria
674 639 930 716 nonnullorum,
956 639 1166 721 utquisque
1192 658 1246 701 ra-

186 743 261 826 piat
292 744 358 807 sibi
390 741 481 825 quod
509 741 674 824 potuerit,
707 741 876 822 optimum
907 739 1082 802 duxerunt
1110 739 1245 820 priores

186 843 297 906 nostri
327 850 367 906 ut
391 842 502 907 omnis
532 841 576 904 lis
599 840 754 904 terminis
780 839 883 904 certis
912 839 1120 917 adnulletur,
1148 838 1246 902 ideo·

189 961 256 1026 que
271 941 445 1006 territoria
460 959 567 1005 causa
587 939 792 1005 concordiae
813 958 1011 1004 assuescere
1029 959 1139 1022 nuper
1154 939 1248 1003 inter

188 1042 382 1107 mundanos
410 1060 566 1125 coepere,
599 1049 640 1104 ut
669 1041 864 1123 portionem
901 1041 1047 1123 quisque
1085 1040 1251 1122 propriae

189 1142 322 1207 telluris
352 1142 459 1205 libere
486 1141 637 1205 excolat.
703 1138 861 1218 Quorum
890 1159 959 1222 ego
984 1139 1146 1222 exempla
1172 1140 1249 1203 imi-

190 1249 297 1318 tatus,
325 1260 385 1307 rus
421 1240 589 1324 praedicti
623 1240 780 1305 coenobii
816 1239 883 1304 bac
913 1240 1050 1304 cartula
1086 1241 1250 1304 annotari

189 1361 336 1407 censeor
378 1341 444 1406 hoc
476 1348 530 1405 est
559 1341 596 1404 in
627 1341 706 1423 ipsa
739 1339 947 1405 Scireburna
977 1346 1115 1404 centum
1142 1341 1248 1423 agelli

189 1443 225 1505 in
253 1442 333 1506 loco
348 1442 408 1524 qui
434 1441 560 1504 dicitur
586 1439 764 1519 Stocland,
790 1447 825 1505 et
845 1440 1025 1523 praedium
1046 1441 1250 1506 monasterii

191 1542 281 1606 sicut
312 1541 471 1608 Wlsinus
507 1541 691 1624 episcopus
728 1540 832 1605 fossis
874 1541 1085 1623 sepibusque
1120 1560 1250 1624 gyrare

191 1642 351 1706 curauit:
375 1641 498 1705 deinde
520 1660 644 1705 nouem
664 1648 823 1705 cassatos
836 1641 874 1704 in
888 1641 965 1705 loco
981 1641 1043 1723 qni
1059 1642 1105 1704 ab
1124 1640 1251 1705 incolis

193 1741 416 1805 Holancnmb
432 1747 676 1825 nuncupatur3
701 1742 785 1804 item
802 1741 839 1804 in
856 1739 1104 1823 Helganstoke
1119 1757 1195 1804 .xv.
1213 1742 1249 1804 in

193 1841 341 1905 Borsord
372 1859 448 1907 .v11.
478 1843 515 1905 in
542 1840 760 1906 Bradanford
779 1857 832 1908 .x.
857 1841 894 1904 in
914 1841 1118 1905 Wonburna
1142 1858 1189 1906 .v.
1212 1842 1250 1904 in

192 1941 343 2006 Westun
364 1959 453 2006 ‚v111.
473 1942 511 2004 in
534 1941 797 2025 Stapnlbreicge
822 1958 903 2007 .xx.
925 1942 963 2004 in
982 1940 1249 2024 Wulfbeardig·

192 2039 293 2106 stoke
308 2057 358 2106 .x.
375 2043 411 2106 in
429 2041 606 2107 Cumbtnn
624 2058 714 2105 ,viru
725 2043 762 2105 in
777 2040 975 2106 Osanstoke
986 2058 1037 2106 .11.
1049 2048 1087 2106 et
1098 2061 1250 2106 massam

193 2160 298 2205 unam
326 2143 427 2206 iuxta
451 2142 562 2225 ripam
589 2143 696 2205 maris
717 2160 806 2225 quae
830 2142 958 2206 dicitnr
988 2149 1035 2207 aet
1060 2141 1152 2207 Lim.
1203 2141 1250 2207 Et

192 2241 356 2325 quicquid
379 2242 463 2306 deus
485 2243 538 2306 bis
563 2242 702 2305 auxerit
725 2261 771 2306 ex
794 2242 893 2307 donis
916 2240 1072 2306 fidelium⁴
1085 2244 1253 2307 continua

193 2342 380 2405 securitate
413 2349 448 2406 et
479 2342 554 2424 iugi
590 2341 749 2406 libertate
787 2342 988 2425 possideant
1010 2343 1138 2408 fratres
1166 2343 1251 2408 inibi

194 2441 373 2522 degentes,
395 2441 506 2505 tribus
527 2443 696 2525 exceptis,
711 2460 801 2525 quae
822 2443 980 2506 omnibns
999 2445 1252 2508 communicata

194 2547 288 2618 sunt,
300 2541 443 2619 scilicet,
459 2542 689 2625 expeditione,
701 2543 817 2624 pontis
836 2543 968 2607 archus
984 2545 1252 2623 restauratione3

194 2648 311 2704 tamen
341 2642 426 2705 nulli
456 2641 629 2706 debitores
657 2643 727 2706 sint
756 2643 792 2706 in
820 2644 897 2724 rogi
923 2644 1181 2708 constructione
1211 2664 1252 2708 eo

194 2741 287 2823 quod
308 2745 554 2806 monasterium
588 2740 767 2825 hocopus
794 2742 948 2825 indigere
978 2745 1151 2809 nouimus.
1214 2744 1251 2809 Si

194 2842 296 2919 sorte,
312 2840 405 2924 quod
426 2843 528 2920 absit,
544 2842 634 2906 hanc
659 2849 813 2907 nostram
835 2831 1056 2908 donationem
1081 2845 1253 2929 quispiam

195 2941 375 3007 annullare
394 2943 616 3026 temptauerit
634 2942 728 3006 etad
746 2943 863 3007 libitus
880 2945 1039 3026 proprios
1058 2945 1253 3024 deflectere,

194 3043 282 3107 sciat
299 3061 338 3107 se
359 3044 565 3125 aequissimo
586 3043 691 3106 iudici
711 3044 881 3107 rationem
903 3043 1117 3109 redditurum
1134 3047 1254 3128 clang-

195 3151 274 3206 ente
308 3144 394 3206 tuba
426 3142 625 3226 archangeli
657 3149 814 3208 extremo
845 3145 1016 3222 examine,
1046 3146 1106 3210 ubi
1140 3148 1254 3210 omnis

195 3242 352 3324 aequitas
375 3250 411 3307 et
434 3243 579 3320 iustitia,
611 3241 751 3307 Christo
772 3244 955 3323 iudicante,
981 3246 1115 3311 cunctis
1145 3248 1254 3310 mani-

195 3332 386 3405 testabitur.

255 3440 332 3521 Ego
360 3442 568 3506 AEbelredus
603 3461 666 3505 rex
691 3440 886 3524 Anglorum
925 3445 1015 3509 banc
1057 3445 1253 3510 libertatem

196 3541 347 3606 concedo
379 3543 577 3624 saepedicto
611 3543 820 3607 monasterio
850 3543 914 3606 snb
943 3544 1104 3627 episcopo
1135 3564 1253 3627 quem-

196 3657 332 3722 cunque
354 3641 496 3722 elegerit
512 3661 648 3724 semper
664 3644 815 3725 regendo
842 3650 880 3708 et
901 3644 1081 3726 signaculo
1109 3655 1254 3712 sanctae

196 3739 308 3803 crucis
327 3743 366 3822 ›1‹
386 3740 475 3804 hanc
490 3743 757 3807 munificentiam
772 3745 940 3826 consigno
956 3762 1072 3809 coram
1089 3745 1142 3810 his
1157 3749 1255 3812 testi·

195 3839 271 3902 bus.
329 3843 368 3922 ›1‹
386 3841 634 3921 EgoAElfricns
650 3842 929 3927 archiepiscopus
945 3845 1011 3910 hoc
1026 3846 1155 3910 donum
1170 3848 1256 3913 data

196 3939 300 4003 michi
326 3940 562 4007 benedictione
590 3944 737 4009 firmani.
806 3946 846 4027 ᾧ
863 3943 940 4028 Ego
967 3945 1112 4010 Ealdulf
1138 3949 1253 4014 archi-

196 4041 378 4122 episcopus
393 4041 504 4107 libens
519 4043 591 4107 faui
608 4052 714 4128 atque
729 4047 902 4111 consensi.
951 4047 990 4128 ᾧ
1005 4047 1083 4129 Ego
1095 4047 1254 4114 Wlstan·

198 4159 239 4202 us
260 4141 441 4226 episcopus
463 4142 528 4208 hoc
550 4143 640 4207 idem
662 4145 845 4213 affirmaui.
892 4147 932 4229 ᾧ
949 4145 1026 4228 Ego
1036 4147 1252 4233 AElpheagus
