2858 4890
180 340 224 404 64
433 353 605 404 cunum
627 354 968 403 succosnxonrcnn.

630 619 788 687 nuxv.

502 766 504 770 ·
548 735 771 846 uincla,
793 768 870 833 970.

235 921 275 1002 ›1‹
290 918 497 983 Racnsunn
525 917 777 1001 imperpetuum
809 915 949 980 domino
981 923 1100 980 nostro
1129 916 1238 981 Ihesu

182 1018 342 1083 Christo!
396 1019 533 1084 Cuncta
547 1019 718 1102 siquidem
734 1036 824 1101 quae
848 1017 884 1080 in
904 1015 970 1080 hoc
996 1018 1135 1081 saeculo
1158 1037 1238 1082 cor·

180 1120 357 1202 poralibus
372 1120 535 1183 uidentur
550 1118 659 1182 oculis
683 1117 833 1200 fugitiua
854 1123 890 1181 et
911 1117 1113 1182 transitoria
1127 1125 1236 1198 sunt3

181 1239 271 1303 quae
286 1227 403 1283 autem
416 1239 486 1283 nou
503 1219 666 1284 uidentur
684 1219 752 1282 nisi
765 1238 827 1301 per
844 1217 945 1281 fidem
964 1225 1105 1283 aeterna
1130 1226 1234 1298 sunt3

181 1328 216 1384 et
226 1320 303 1384 ideo
319 1340 363 1383 ne
374 1319 492 1384 futura
508 1320 693 1402 posteritas
704 1318 846 1401 ignauia
862 1326 1061 1401 torpescens
1075 1319 1238 1383 decesso·

181 1441 258 1483 rum
274 1420 424 1497 decreta,
441 1439 547 1484 causa
562 1421 716 1484 incuriae
733 1419 939 1483 obliuiscens
954 1438 974 1482 a
990 1420 1156 1484 memoria
1173 1421 1239 1484 ob-

180 1521 348 1598 literatur,
382 1521 614 1585 caracteribus
645 1527 851 1603 praenotare
875 1519 1083 1585 curauimus.
1136 1519 1239 1598 Qua-

181 1629 324 1705 propter
348 1641 414 1703 ego
433 1621 574 1704 Eadgar
591 1621 711 1684 diuina
735 1620 968 1684 allubescente
990 1621 1105 1700 gratia
1126 1622 1239 1685 totius

182 1720 342 1786 Albionis
356 1722 544 1804 imperator
558 1729 729 1804 augustus
749 1720 922 1804 quoddam
939 1721 1029 1784 ruris
1049 1721 1152 1785 clima
1168 1722 1238 1784 sub

181 1823 422 1887 aestimatione
436 1822 553 1886 decem
569 1829 796 1899 cassatorum,
809 1822 869 1885 ubi
883 1821 1047 1886 solicolae
1060 1828 1107 1886 aet
1118 1821 1236 1886 Idem-

180 1931 303 1988 estune
319 1923 531 2006 appellatiuo
547 1928 750 2004 nuncupant
760 1921 942 1999 uocabulo,
956 1921 1092 1985 cuidam
1107 1923 1238 1987 uiduae

182 2023 505 2106 sanctimonialique
530 2022 651 2086 habitu
679 2021 874 2100 decoratae,
898 2041 1002 2106 quam
1025 2022 1153 2104 uulgus
1177 2041 1237 2087 as·

108 2121 111 2126 ’
182 2125 272 2188 solet
294 2124 482 2187 ludibundo
499 2122 657 2187 AElfswiii
680 2123 834 2187 uocitare
859 2129 1032 2200 onomate,
1054 2142 1118 2205 pro
1141 2121 1238 2189 fideli

182 2226 256 2288 eius
271 2224 470 2308 obsequela,
487 2242 591 2305 quam
604 2223 709 2287 michi
724 2243 746 2287 a
761 2223 939 2307 primaeua
959 2242 1069 2307 usque
1085 2223 1121 2286 in
1133 2243 1238 2305 prae-

183 2345 263 2389 sens
276 2325 467 2407 impertiuit
483 2331 610 2401 aetate,
627 2324 664 2387 in
679 2331 821 2388 aeterua
829 2323 976 2406 largitus
988 2344 1065 2387 sum
1077 2323 1238 2387 haeredi-

183 2433 276 2503 tate;
301 2431 341 2489 ut
357 2425 484 2488 habeat
500 2445 542 2488 ac
558 2423 693 2489 fruatur
709 2423 873 2507 quamdiu
895 2425 961 2488 sibi
981 2424 1099 2488 uitalis
1114 2424 1238 2488 inhae-

182 2527 268 2590 serit
283 2525 400 2602 flatus,
418 2525 540 2588 deinde
556 2525 759 2609 cuicumque
772 2524 921 2589 uoluerit
943 2524 1101 2607 designet
1123 2525 1236 2589 clero·

185 2646 299 2691 nomo.
352 2625 389 2690 Si
407 2626 484 2708 quis
508 2632 623 2690 autem
647 2626 861 2708 praedictum
886 2645 945 2688 rus
973 2626 1067 2689 omni
1089 2626 1258 2708 practici¹

183 2726 367 2791 famulatui
381 2727 464 2808 iugo
486 2726 650 2804 solutum,
666 2727 777 2790 tribus
794 2726 954 2790 uidelicet
971 2727 1139 2808 exceptis,
1156 2733 1239 2791 rata

183 2847 307 2911 nempe
318 2826 550 2911 expeditione,
561 2827 677 2909 pontis
690 2828 823 2891 arcisue
834 2827 1098 2905 restauratione,
1108 2846 1191 2908 ergo
1205 2828 1237 2891 si

183 2927 261 3013 quis
278 2928 489 3003 daemonico,
504 2928 596 3010 quod
612 2927 714 3006 absit,
734 2928 919 2992 instinctus
936 2927 1135 3009 spiramine,
1154 2927 1237 2992 huic

182 3038 323 3094 nostrae
352 3028 606 3092 munificentiae
640 3029 817 3112 quippiam
853 3028 1022 3109 refragari
1053 3029 1238 3110 satagerit,

183 3131 354 3195 alienatus
379 3149 401 3193 a
424 3129 688 3212 participatione
707 3128 919 3193 sacrosancti
936 3130 1089 3211 corporis
1105 3128 1239 3195 Christi

184 3250 225 3294 ac
253 3229 431 3311 sauguinis
453 3230 603 3294 aeternis
622 3249 700 3293 cum
722 3229 813 3294 Iuda
838 3230 912 3293 eius
933 3229 1109 3312 proditore
1126 3229 1238 3311 depu-

182 3337 275 3395 tetur
290 3329 470 3407 incendiis,
489 3331 525 3393 ni
542 3330 649 3412 digna
664 3329 720 3394 hic
741 3330 955 3414 poenitentia
970 3331 1152 3396 emendare
1174 3350 1237 3395 cu-

182 3431 313 3494 rauerit
328 3429 420 3513 quod
436 3436 557 3494 contra
572 3437 726 3495 nostrum
740 3430 885 3514 deliquit
901 3430 1088 3495 decretum.
1141 3429 1236 3496 Acta

182 3538 236 3595 est
253 3531 339 3594 haec
353 3528 510 3612 praefata
523 3530 664 3595 donatio
686 3551 777 3596 anno
792 3532 835 3595 ab
852 3531 1089 3596 incarnatione
1104 3530 1236 3597 domini

184 3632 295 3696 nostri
313 3630 419 3694 Ihesu
438 3629 568 3695 Christi
587 3648 822 3696 .ncccc.u.xx.

240 3735 279 3813 ›1‹
294 3731 370 3813 Ego
382 3731 523 3813 Eadgar
534 3752 594 3796 rex
606 3730 799 3815 Anglorum
809 3730 1002 3815 praefatam
1013 3730 1234 3799 donationem

181 3832 469 3896 indeclinabiliter
494 3834 656 3897 concessi.
714 3836 754 3917 ›1‹
772 3832 847 3915 Ego
873 3832 1036 3896 Dunstan
1059 3832 1235 3898 Dorouer-

183 3933 300 3997 nensis
325 3933 512 3996 aecclesiae
538 3934 816 4019 archiepiscopus
836 3933 988 3997 eiusdem
1012 3933 1106 4014 regis
1131 3935 1235 4001 bene-

182 4034 371 4098 uolentiam
387 4041 532 4116 captans
557 4053 634 4098 cum
659 4034 774 4117 sigillo
803 4040 945 4099 sanctae
973 4033 1084 4098 crucis
1109 4036 1234 4100 confir·

183 4135 277 4198 maui
292 4155 300 4215 3
325 4155 403 4199 cum
417 4135 535 4199 multis
552 4134 641 4199 aliis.
