2858 4890
181 390 248 454 214
439 403 611 453 ournrrn
634 384 974 452 Anonosrxonr'onr.

184 563 327 628 diffusae
359 563 492 628 telluris
521 563 687 627 ambitum
720 581 889 646 proauum
923 567 1080 625 nostrum
1110 559 1240 622 manci·

184 671 303 747 passet
324 684 487 729 exercere
507 664 695 741 laboribus,
712 664 876 746 quatinus
897 661 1002 726 tellus
1018 660 1241 725 nascentibus

185 766 338 847 priorum
360 772 499 847 patrum
521 765 662 842 sobolis,
677 764 807 846 passim
824 762 945 826 uiridis
960 761 1156 826 abundaret
1172 779 1241 823 ma·

186 865 329 947 nipulis,
345 885 388 928 ne
405 864 517 946 rigida
533 865 697 929 mortales
709 870 868 946 quateret
882 863 1004 940 fames,
1020 881 1108 946 quos
1123 861 1240 944 pellax

187 972 338 1028 cerastes
369 964 523 1029 mordaci
554 964 728 1029 mendatio
757 965 802 1028 ab
831 963 1020 1028 immortali
1049 961 1244 1044 lugubriter

188 1064 369 1148 pepulerat
400 1065 516 1148 quiete
544 1064 716 1142 Paradisi,
743 1063 900 1128 diuersas
937 1062 1116 1128 nationum
1149 1081 1243 1125 mon-

189 1164 325 1228 archias
350 1166 456 1230 uariis
481 1165 652 1230 concessit
679 1164 849 1230 dominari
877 1163 1080 1240 rectoribus,
1104 1169 1244 1245 sceptra

190 1280 327 1348 quoqne
352 1265 540 1330 uastissimi
574 1265 682 1329 cosmi
725 1265 953 1349 omnipotenti
984 1271 1071 1328 nutu
1102 1263 1242 1345 regibus

190 1364 610 1448 praeordinauitrogenda
618 1365 802 1449 praecluis,
817 1366 981 1448 quatinus
997 1364 1121 1428 sobriis
1139 1371 1244 1446 atque

191 1465 258 1529 sibi
288 1463 413 1530 deuote
441 1465 756 1530 obsecundantibus
786 1483 966 1549 procerum
997 1472 1244 1547 satrapumque

190 1564 258 1627 frui
273 1565 380 1629 libero
396 1565 587 1630 concedant
603 1565 732 1644 insulis,
747 1565 907 1648 turgidos
922 1583 1005 1629 uero
1022 1570 1129 1648 atque
1147 1564 1242 1648 gazi-

190 1664 263 1728 fero
288 1665 391 1729 buius
414 1665 544 1730 saeculi
568 1672 647 1730 astu
672 1665 862 1731 arridentes
884 1665 1068 1748 perniciter
1085 1685 1148 1748 pro
1170 1685 1242 1728 me-

190 1765 267 1828 ritis
290 1767 369 1829 acui
389 1766 539 1830 labentis
562 1765 704 1829 trudant
731 1766 941 1848 aerumpnis.
1004 1765 1078 1829 Sibi
1103 1785 1242 1848 quoque

189 1863 362 1930 indefessa
396 1865 572 1930 theoricae
605 1865 699 1954 uitae
732 1867 975 1930 amoenissima
1009 1885 1088 1929 oum
1116 1874 1242 1930 terres-

190 1965 302 2030 tribus
323 1965 424 2030 bonis
445 1963 624 2030 lucrentur
639 1964 767 2047 gaudia
783 1966 844 2031 ubi
864 1965 1037 2030 suauitate
1053 1973 1244 2049 pascantur

190 2065 370 2144 melliflua,
391 2073 497 2149 atque
519 2085 583 2148 pro
607 2065 809 2149 temporalis
832 2065 928 2130 uitae
952 2066 1244 2149 perparuissimis,

189 2165 347 2230 iusticiae
364 2167 480 2248 gratia
499 2165 638 2230 Christo
665 2166 800 2249 sibique
823 2165 1082 2241 famulantibus,
1106 2167 1245 2231 collatis

191 2267 404 2343 muneribus,
421 2264 625 2344 aetherealis
645 2266 745 2348 regni
768 2266 1003 2330 conscendant
1021 2266 1175 2348 fastigia,
1204 2286 1246 2332 ac

191 2384 268 2428 curn
278 2366 451 2430 coelicolis
464 2366 678 2430 aeternitatis
691 2366 875 2448 indigenae
888 2366 1165 2430 immarcescibili
1180 2367 1242 2432 tla-

190 2466 412 2547 uescentique
429 2466 583 2529 ditentur
597 2465 728 2530 laurea.
780 2464 862 2544 Qua
881 2465 924 2530 de
940 2487 988 2544 re,
1005 2465 1125 2530 infima
1142 2469 1242 2550 quasi

190 2563 383 2646 peripsema
402 2564 663 2649 quisquiliarum
685 2566 864 2644 abiiciens,
887 2584 1038 2649 superna
1063 2567 1108 2629 ad
1133 2568 1245 2632 instar

189 2665 441 2747 praetiosorum
457 2665 635 2729 monilium
653 2665 795 2747 eligens,
805 2666 957 2730 animum
973 2667 1194 2749 sempiternis
1209 2669 1243 2731 in

191 2764 327 2845 gaudiis
342 2764 465 2847 figens,
487 2766 532 2830 ad
553 2764 819 2829 nanciscendam
844 2766 1028 2831 mellifluae
1053 2766 1244 2832 dulcedinis

190 2864 456 2930 misericordiam
491 2865 804 2949 perimendamque.
826 2865 980 2931 infinitae
1009 2864 1165 2932 laetitiae
1193 2869 1242 2934 io-

190 2965 415 3043 cunditatem,
437 2984 503 3049 ogo
524 2963 727 3031 AEdelredus
749 2986 813 3030 rex
837 2965 1031 3049 Anglorum
1053 2988 1117 3050 per
1138 2971 1243 3032 omni-

192 3067 364 3148 patrantis
387 3067 568 3131 dexteram
582 3067 690 3132 totius
706 3067 925 3131 Brittanniae
942 3067 1040 3149 regni
1058 3068 1148 3132 solio
1162 3071 1242 3132 sub-

191 3166 344 3244 limatus,
366 3167 502 3230 cuidam
528 3166 696 3231 foeminae
716 3166 881 3231 Wulsrun
903 3168 1122 3246 uocitamine,
1142 3188 1245 3252 quas·

191 3265 272 3330 dam
298 3272 468 3330 terrarum
492 3266 751 3349 particulam.
769 3267 901 3332 scilicet
926 3276 1095 3346 cassatos,
1110 3269 1243 3333 duobus

190 3365 227 3429 in
243 3365 330 3430 locis
345 3365 532 3449 diremptas
552 3383 617 3429 .1x.
634 3367 797 3431 uidelicet
819 3368 856 3430 in
877 3367 953 3432 loco
976 3370 1036 3451 qui
1055 3369 1183 3434 dicitur
1199 3377 1243 3434 aet

192 3463 394 3541 Haemone,
412 3474 447 3529 et
463 3485 572 3547 aeque
593 3486 696 3530 unam
715 3474 912 3554 manentem
937 3468 976 3530 in
992 3487 1034 3532 eo
1056 3469 1132 3534 loco
1155 3490 1243 3553 quae

191 3562 340 3646 Anglioe
367 3574 414 3628 aet
436 3565 673 3630 Treselcotum
700 3568 885 3646 uocitatur,
903 3568 937 3630 in
961 3574 1138 3632 aeternam
1167 3590 1244 3634 con·

192 3664 276 3728 cedo
297 3664 565 3740 haereditatem
591 3674 761 3748 quatenus
788 3667 848 3731 illa
869 3668 956 3732 bene
980 3666 1181 3751 perfruatur
1205 3689 1243 3734 ac

192 3765 438 3847 perpetualiter
459 3765 636 3848 possideat
660 3767 741 3830 dum
765 3766 867 3830 buius
892 3768 1040 3833 labentis
1067 3772 1146 3834 aeui
1173 3791 1244 3834 cur-

193 3885 268 3929 sum
303 3872 455 3930 transeat
488 3866 610 3930 illaesa
643 3875 748 3949 atque
777 3868 894 3932 uitalis
924 3870 1065 3951 spiritus
1096 3871 1134 3934 in
1169 3859 1242 3936 cor-

193 3965 347 4047 ruptibili
373 3985 475 4030 carne
501 3966 699 4048 inhaereat3
724 3975 759 4031 et
788 3974 869 4050 post
895 3968 987 4034 illius
1013 3971 1057 4034 ab
1082 3970 1148 4035 bac
1173 3973 1244 4035 uita

192 4065 393 4143 discessum,
416 4068 627 4150 'cuicumque
656 4067 796 4131 haeredi
828 4069 879 4132 illi
909 4069 1079 4152 placuerit
1102 4071 1244 4136 liberam

194 4165 401 4230 concedendi
438 4168 565 4232 babeat
601 4175 820 4250 potestatem.
883 4169 920 4233 si
948 4177 1064 4235 autem
1092 4180 1244 4256 tempore
