2858 4890
444 376 617 424 casuras
639 375 982 427 nuonosnxomcas.
1180 363 1246 427 355

186 532 280 598 dicta
309 533 418 598 curtis
450 542 486 599 et
515 534 630 598 omnia
658 534 703 597 ad
736 535 970 616 supradictum
1000 536 1243 600 monasterium

187 633 396 713 pertinentia
440 634 484 697 ab
521 635 616 698 omni
656 635 740 714 iugo
782 636 960 699 seruitutis
998 637 1244 718 perpetualiter

185 732 305 796 libera.
359 733 397 797 Si
412 735 489 817 quis
509 742 625 798 autem
640 733 729 797 banc
746 753 853 798 meam
872 735 1091 798 donationem
1110 743 1145 799 et
1161 755 1243 799 con·

185 831 414 897 firmationem
443 834 630 916 infringere
658 834 713 897 uel
742 834 875 899 irritam
903 835 1015 898 facere
1041 855 1242 917 praesump-

186 932 279 1008 serit,
305 933 396 998 sciat
422 953 460 998 se
484 934 520 997 in
548 934 609 998 illa
635 934 802 997 tremendi
820 934 937 998 iudicii
964 934 1019 998 die
1044 954 1121 998 cum
1152 935 1241 998 Iuda

182 1032 359 1112 proditore
374 1041 409 1097 et
426 1034 650 1116 complicibus
666 1035 738 1097 suis
754 1053 884 1116 poenas
899 1033 1032 1098 Auerni
1056 1042 1240 1118 perpetuas

183 1132 257 1196 sine
273 1132 343 1197 fine
365 1133 581 1210 delicturum,
598 1134 665 1196 nisi
682 1141 764 1197 aute
781 1141 926 1198 mortem
949 1153 1047 1197 suam
1064 1134 1241 1198 fructifera

185 1230 422 1297 satisfactione
456 1233 678 1315 poenituerit.
746 1232 818 1297 Hic
851 1233 967 1297 idonei
1001 1241 1108 1297 testes
1140 1234 1242 1297 huius

184 1332 341 1397 cartulae
358 1331 499 1396 inferius
515 1334 782 1416 subsequuntur.

237 1432 314 1513 Ego
337 1431 542 1496 AEbelredus
567 1432 680 1497 tocius
705 1432 906 1496 Britanniae
934 1432 1158 1516 induperator
1188 1434 1241 1496 in·

185 1530 284 1595 sulae
316 1532 419 1596 buius
455 1532 651 1598 donationis
688 1540 724 1596 et
763 1532 1031 1597 confirmationis
1066 1542 1242 1597 aeternam

183 1631 381 1696 libertatem
410 1633 509 1714 signo
537 1639 678 1698 sanctae
707 1633 820 1696 crucis
849 1634 889 1715 ›1‹
922 1632 1099 1698 confirmo.
1163 1632 1241 1713 Ego

185 1730 381 1815 AElpbegus
419 1732 693 1797 Dorobernensis
733 1732 921 1796 aecclesiae
963 1732 1241 1815 archiepiscopus

184 1830 321 1912 siguum
338 1838 480 1896 sanctae
496 1834 608 1898 crucis
624 1833 772 1915 imposui
796 1834 851 1913 »1«.

652 2011 773 2021 ...—

611 2131 828 2197 Dccxlx.

525 2280 790 2359 AEDELRED,
813 2280 910 2344 1012.

240 2433 280 2514 ›1‹
303 2429 490 2496 Cumanus
519 2431 736 2513 omnipotens
766 2431 851 2494 deus
878 2432 1130 2513 imperpetuum
1162 2449 1241 2511 reg·

186 2550 286 2608 nans,
304 2532 403 2595 cuius
427 2538 512 2594 nutu
537 2537 573 2595 et
596 2531 789 2596 diuinitatis
811 2530 1046 2612 gubernaculo
1073 2539 1241 2612 reguntur

185 2650 414 2714 quaecunque
431 2631 562 2695 suntin
579 2632 682 2695 astris
701 2631 756 2695 uel
775 2633 880 2708 aruis,
897 2651 940 2693 ne
957 2630 1180 2712 pessumdata
1204 2630 1239 2692 in

185 2731 380 2813 praecipitii
404 2731 604 2813 uoraginem
628 2730 829 2796 labefactari
851 2730 996 2813 possint,
1011 2749 1033 2793 a
1050 2750 1118 2812 quo
1135 2730 1239 2793 etiam

185 2830 366 2895 deriuatur
390 2831 502 2895 omnis
531 2830 743 2914 principatus
769 2838 805 2895 et
826 2838 992 2913 potestas,
1022 2831 1241 2911 omniumque

186 2923 356 2996 bonorum
387 2930 553 3012 dignitas,
578 2932 668 2995 sicut
693 2931 852 3013 apostolo
874 2930 1129 3011 dogmatizante
1152 2929 1239 2991 didi·

187 3032 309 3107 cimus,
322 3031 383 3114 qui
400 3031 472 3096 ait:
489 3035 499 3064 ‘
516 3029 597 3095 Non
616 3038 669 3095 est
686 3038 840 3114 potestas
857 3030 922 3094 nisi
938 3048 960 3092 a
978 3024 1064 3093 deo!
1110 3028 1239 3091 Omnes

185 3131 333 3213 primum
359 3131 523 3195 mortales
541 3131 642 3194 unius
660 3132 840 3213 qualitatis
862 3129 1061 3195 indumento
1084 3128 1239 3203 uestiuit,

186 3250 263 3294 cum
296 3231 333 3294 in
365 3231 493 3295 mundo
526 3231 623 3294 nasci
656 3230 845 3306 mandauit,
876 3230 940 3293 hoc
973 3235 1038 3304 est,
1072 3227 1239 3292 nuditate.

188 3329 373 3396 Caeterum
407 3331 437 3395 si
465 3330 524 3413 qui
556 3337 727 3412 potentes,
754 3331 784 3394 si
814 3331 873 3412 qui
897 3330 1029 3410 inopeS,
1058 3328 1087 3390 si
1115 3329 1174 3410 qui
1203 3328 1238 3391 in

165 3475 167 3479 ψ
186 3431 333 3494 terrenis
350 3430 500 3511 negotiis
517 3437 601 3493 sunt
624 3430 824 3506 mediocres,
842 3430 892 3492 sio
909 3435 991 3491 sunt
1013 3428 1103 3491 sicut
1127 3446 1149 3490 a
1175 3427 1239 3491 deo

186 3531 436 3595 ordinationem
461 3537 679 3611 acceperunt,
711 3530 772 3612 qni
811 3529 927 3592 omnia
963 3528 1131 3608 singulari
1166 3528 1240 3590 iure

186 3629 420 3713 praeordinat,
450 3636 555 3712 atque
584 3628 814 3710 dispensando
841 3627 1006 3691 ineffabili
1034 3627 1240 3691 discretione

186 3730 253 3794 sibi
282 3729 391 3793 libitis
414 3735 548 3810 erogat.
602 3729 729 3811 Liquet
753 3736 789 3792 et
815 3745 958 3811 prorsus
982 3733 1090 3809 patet,
1118 3733 1241 3791 terres-

186 3839 275 3894 trem
305 3829 536 3893 substantiam
570 3828 615 3892 ad
646 3828 711 3893 hoc
741 3828 934 3892 hominibus
961 3845 1172 3903 concessam,
1202 3834 1241 3890 ut

131 3972 135 3977 ·
186 3929 372 4005 coelestem
393 3928 455 3992 illa
477 3935 682 4005 mercentur,
701 3935 735 3992 et
751 3936 791 3992 ut
808 3927 972 3991 habentes
990 3928 1241 3991 communicent

185 4049 256 4094 non
278 4029 497 4106 habentibus,
520 4029 634 4110 gratia
656 4029 784 4092 amoris
808 4027 870 4090 filii
887 4027 954 4102 dei,
975 4026 1033 4108 qui
1056 4045 1118 4107 pro
1141 4026 1239 4089 nobis

183 4129 337 4194 indebite
355 4129 466 4195 uoluit
483 4147 588 4211 egens
604 4127 687 4193 fieri.
741 4128 843 4192 Unde
859 4146 924 4208 ego
942 4124 1161 4267 AErtelredtps,
1179 4145 1240 4189 rex

1062 4235 1078 4267 r
1093 4234 1108 4266 r
