2858 4890
463 371 637 422 charran
659 372 1001 424 anouosaxomcna.
1191 357 1257 424 los

204 525 272 592 duo
297 527 451 612 piscaria
470 528 658 614 decemque
676 537 813 595 mutata
828 537 912 595 sunt
927 529 1049 613 iugera
1061 529 1104 596 de
1119 528 1252 616 Dornig

203 626 365 695 uidelicet
383 630 428 695 ad
452 629 552 695 Burh
577 650 642 714 pro
665 631 936 696 commutatione
960 638 1099 697 centum
1123 631 1250 715 uiginti

202 747 383 811 porcorum
407 730 625 814 paschalium
653 750 696 796 ac
726 750 790 814 pro
818 730 1010 810 domorum,
1040 730 1187 815 sepium,
1213 742 1250 800 et

201 830 418 894 stabulorum
432 830 684 897 emendatione.
734 830 813 895 Sint
828 831 937 913 igitur
950 831 1095 897 donanti
1109 831 1248 899 domino

202 937 321 994 nostro
338 930 446 996 Ihesu
461 930 601 997 Christo
622 931 766 1014 eiusque
788 930 949 1013 genitrici
966 951 1103 1014 semper
1119 933 1248 1014 uirgini

203 1027 339 1094 Mariae
358 1050 380 1096 a
398 1031 577 1114 praedicto
598 1050 683 1114 rege
703 1038 739 1096 et
754 1032 917 1115 episcopo
930 1032 1179 1115 perpetualiter
1193 1054 1248 1099 re-

200 1138 434 1212 praesentata,
457 1132 552 1196 omni
567 1138 725 1197 terrenae
746 1132 926 1197 seruitutis
949 1131 1032 1216 iugo
1053 1131 1162 1197 libera
1183 1133 1245 1198 tri·

199 1229 261 1294 hm
275 1232 434 1315 exceptis
455 1239 535 1297 rata
550 1231 713 1297 uidelicet
728 1231 961 1316 expeditione,
977 1232 1095 1315 pontis
1110 1234 1246 1299 arcisue

197 1331 459 1397 rmtauratione.
510 1332 549 1397 Si
570 1333 649 1416 quis
672 1332 780 1415 igitur
801 1331 892 1397 hanc
912 1340 1068 1397 nostram
1085 1332 1243 1400 donatio-

197 1449 275 1494 nem
296 1431 335 1496 in
360 1432 454 1497 aliud
482 1452 587 1517 quam
612 1433 856 1497 constituimus
884 1432 1071 1498 transferre
1095 1434 1245 1501 uoluerit

195 1530 354 1614 priuatus
373 1533 547 1599 consortio
567 1539 709 1598 sanctae
733 1532 789 1597 dei
811 1532 999 1598 aecclesiae
1016 1535 1166 1599 aeternis
1184 1537 1244 1602 ha-

196 1630 306 1697 rathri
328 1633 497 1699 incendiis
519 1632 677 1716 lugubris
703 1652 781 1697 cum
799 1632 892 1697 Iuda
920 1633 1096 1716 proditore
1112 1634 1244 1701 Christi

195 1731 338 1817 eiusque
371 1733 597 1817 complicibus
631 1733 797 1816 puniatur
831 1733 862 1798 si
898 1753 970 1798 non
1005 1734 1243 1802 satisfactione

193 1833 431 1899 emendauerit
445 1852 600 1917 congrua
612 1833 705 1917 quod
719 1840 841 1899 contra
855 1842 1011 1900 nostrum
1028 1833 1173 1918 deliquit
1185 1836 1242 1901 de

193 1941 339 1999 cretum.
384 1932 489 2000 Anno
499 1932 691 2000 dominicae
707 1933 954 1999 incarnationis
968 1950 1241 2003 ‚occccuxxuu

193 2034 362 2118 scriptum
378 2042 434 2100 est
446 2034 513 2100 hoc
527 2033 748 2118 priuilegium
765 2035 877 2119 primo
891 2053 989 2099 meae
1014 2034 1131 2118 regiae
1145 2035 1240 2101 dedi-

192 2133 341 2200 cationis
371 2154 476 2213 anuo,
508 2134 575 2199 hiis
600 2135 748 2200 testibus
775 2134 1066 2201 concordantibus
1094 2156 1239 2220 quorum

191 2231 282 2300 insra
297 2242 511 2301 caraxantur
524 2235 706 2301 uocabula.

245 2336 286 2416 »14
302 2335 381 2419 Ego
394 2335 536 2419 Eadgar
547 2336 656 2403 totius
669 2333 831 2401 Albionis
850 2334 1002 2400 basileus
1016 2335 1083 2402 hoc
1097 2337 1238 2421 priuile-

191 2433 288 2516 gium
304 2442 405 2501 tanta
421 2437 621 2501 roboratum
634 2436 843 2500 auctoritate
858 2435 970 2500 crucis
984 2442 1139 2502 taumate
1154 2458 1237 2502 con-

191 2532 338 2600 firmaui.
395 2535 523 2618 »14Εςο
541 2535 745 2600 Dunstanus
758 2535 1034 2601 Dorouemensis
1049 2537 1239 2603 aecclesiae

191 2634 468 2720 archiepiscopus
492 2634 558 2699 hoc
582 2635 673 2699 idem
700 2655 779 2700 cum
805 2636 973 2719 trophaeo
1000 2637 1101 2718 agiae
1127 2639 1238 2704 crucis

188 2736 422 2801 corroboraui.
478 2737 518 2817 »14
533 2735 610 2817 Ego
635 2734 777 2801 Oswold
799 2735 1027 2801 Eboracensis
1051 2738 1238 2804 aecclesiae

189 2834 468 2920 archiepiscopus
487 2835 687 2918 subscripsi.
744 2839 783 2919 »14
798 2836 875 2918 Ego
894 2835 1084 2901 AEiielwold
1103 2839 1236 2921 episco-

188 2953 252 3017 pus
268 2935 483 3019 consignaui.
520 2939 560 3019 »14
579 2935 656 3018 Ego
667 2935 821 3000 AElfstan
835 2935 975 3021 praesul
989 2935 1073 3004 saui.
1104 2938 1237 3021 »14Εςο

188 3034 341 3101 AElfstan
356 3037 501 3101 antistes
516 3036 661 3101 assensi.
709 3039 749 3119 »14
764 3036 841 3119 Ego
856 3034 967 3101 Adulf
979 3037 1135 3119 pontifex
1153 3058 1236 3102 con·

186 3135 289 3199 sensi.
378 3138 419 3218 »14
448 3136 525 3219 Ego
542 3134 653 3219 Asige
678 3137 786 3201 abhas
814 3156 885 3200 non
908 3137 1018 3201 renui.
1091 3140 1130 3220 »14
1159 3138 1236 3221 Ego

186 3233 302 3319 Osgar
324 3237 431 3301 abhas
453 3237 623 3320 impressi.
673 3239 713 3319 »14
734 3236 811 3319 Ego
829 3234 994 3319 AEhelgar
1018 3237 1125 3301 abhas
1153 3258 1234 3303 con-

185 3336 289 3400 sensi.
337 3340 377 3420 »14
395 3336 473 3420 Ego
488 3336 648 3402 AElfhcre
663 3336 748 3401 duit.
789 3340 829 3420 »14
848 3337 925 3419 Ego
941 3336 1136 3402 AE’delwine
1149 3338 1234 3405 dux.

189 3436 227 3519 »14
247 3436 326 3519 Ego
343 3435 517 3502 Beortnoli
531 3437 616 3502 dux.
674 3440 713 3520 »14
730 3437 808 3519 Ego
824 3436 930 3502 Oslac
954 3437 1036 3501 dux.
1093 3440 1133 3520 »14
1156 3439 1234 3523 Ego

184 3535 381 3602 AElielward
413 3536 615 3621 discipulus.
703 3540 742 3620 »14
762 3537 840 3619 Ego
870 3537 1003 3601 Eanulf
1030 3536 1232 3622 discipulus.

189 3638 226 3719 »14
241 3638 321 3721 Ego
331 3636 480 3720 AElfsige
496 3637 698 3721 discipulus.
726 3640 766 3720 »14
782 3638 857 3720 Ego
874 3637 1063 3702 AElfweard
1081 3638 1232 3723 discipu·

182 3736 247 3802 lus.
292 3740 333 3820 »14
349 3737 427 3819 Ego
444 3736 626 3820 Frihegist.
682 3741 722 3821 »14
741 3738 817 3820 Ego
832 3737 964 3803 floren.
1007 3741 1046 3821 »14
1061 3738 1139 3821 Ego
1155 3740 1232 3806 Du-

182 3838 307 3903 refers.
364 3840 403 3920 »14
419 3837 496 3920 Ego
512 3836 694 3903 AElfhelm.
751 3841 790 3921 »14
808 3838 884 3920 Ego
910 3838 1032 3904 Frena.
1095 3842 1135 3922 »14
1156 3841 1232 3924 Ego

184 3934 255 4003 Ulf.
313 3940 353 4020 »14
374 3938 451 4020 Ego
466 3936 632 4021 Sigeferli.
702 3941 741 4021 »14
770 3938 848 4020 Ego
870 3936 1012 4003 Truni'd.
1085 3943 1125 4019 »14
1155 3941 1231 4023 Ego

183 4036 254 4103 Ulf.
312 4040 352 4120 »14
375 4038 452 4122 Ego
466 4037 643 4104 Duresers.
701 4041 741 4121 »14
763 4038 840 4120 Ego
851 4037 936 4104 Wls.
987 4042 1027 4122 »14
1050 4040 1126 4123 Ego
1144 4040 1231 4106 Wlf-

183 4139 243 4204 n'c.
319 4140 358 4220 »14
381 4138 457 4221 Ego
485 4137 619 4203 Ostorii.
692 4141 732 4221 »14
749 4139 825 4223 Ego
847 4138 1022 4204 Wulstan.
1095 4143 1134 4223 »14
1155 4142 1232 4224 Ego
