2858 4890
381 356 555 405 casarea
577 355 919 405 annuosuxomclu.
1112 341 1176 404 141

123 523 348 599 nuncupatur
378 524 549 592 onomate,
578 523 683 598 atque
707 532 817 579 .xxx.
839 514 876 577 in
908 513 1021 579 Uecta
1051 516 1177 595 insula,

123 635 215 698 quae
241 623 324 681 noto
352 624 399 681 aet
416 617 635 682 Drebecumb
657 615 878 698 appellantur
900 616 1082 693 uocabulo,
1098 637 1176 680 cum

124 717 285 780 omuibus
303 717 520 794 utensilibus
542 717 651 799 pratis
673 716 845 791 uidelicet,
862 715 972 790 siluis,
991 715 1176 794 salinariis

125 817 292 898 capturis,
316 817 520 881 molendinis
545 823 580 879 et
603 816 762 880 omnibus
786 815 973 878 commodis
998 813 1077 879 huic
1105 818 1178 880 ruri

125 916 391 997 pertinentibus,
417 916 626 980 reuerendae
651 915 800 978 trinitati
830 914 1082 997 praedictisque
1105 917 1179 980 eius

125 1015 295 1097 apostolis
332 1016 577 1080 satisfaciendo
616 1016 814 1078 restituens.
868 1013 1061 1077 Identidem
1099 1019 1179 1079 sub-

127 1116 262 1178 urbana
290 1115 441 1180 ciusdem
467 1116 675 1198 praecipuae
695 1114 849 1178 ciuitatis
873 1113 1104 1196 Cyltancumb
1127 1116 1179 1179 ui-

128 1214 254 1278 delicet
290 1235 368 1279 cum
393 1215 465 1278 suis
500 1215 712 1298 appendiciis
738 1214 981 1295 benignissime
1012 1234 1180 1280 renouare

127 1315 272 1397 cupiens
297 1314 415 1379 eadem
441 1315 515 1379 dito
541 1314 712 1389 libertate,
739 1333 808 1396 qua
835 1333 857 1376 a
882 1333 962 1395 rege
992 1315 1043 1377 uti
1067 1315 1179 1379 dicam

125 1414 356 1496 primogenito
383 1414 536 1478 eiusdem
564 1414 751 1477 aecclesiae
782 1412 968 1495 neophyto,
1001 1413 1044 1476 ad
1076 1434 1176 1479 usum

126 1513 298 1596 praesulis
324 1514 503 1597 eidemque
530 1514 607 1577 loco
635 1514 811 1577 subiectae
840 1512 990 1577 familiae
1012 1533 1033 1576 a
1063 1516 1181 1579 catho-

125 1613 203 1677 licis
231 1614 353 1696 priscis
370 1613 518 1678 ditatum
544 1612 743 1697 perhibetur
767 1614 990 1696 temporibus.
1049 1613 1178 1678 Pastus

129 1711 238 1795 igitur
269 1713 465 1796 praedictae
494 1714 646 1777 familiae
673 1712 869 1776 nullatenus
898 1721 1182 1795 praesumptuose

130 1814 319 1890 minuatur,
342 1814 402 1877 sed
428 1813 586 1889 fideliter,
613 1820 652 1877 ut
675 1813 757 1876 olim
778 1813 1004 1876 coustitutum
1023 1813 1135 1879 fuerat
1159 1835 1180 1879 a

130 1913 290 1996 praesule
311 1913 541 1995 dispensando
565 1912 755 1994 largiatur:
779 1913 921 1994 dignum
944 1914 1061 1995 itaque
1086 1916 1180 1978 salu-

129 2014 280 2077 berrimo
304 2015 509 2096 optimatum
544 2032 696 2077 meorum
734 2020 835 2076 utens
867 2013 1010 2076 consilio
1040 2023 1179 2079 nostrae

132 2114 258 2178 mentis
284 2112 369 2176 duxi
393 2113 555 2190 archano,
580 2120 619 2176 ut
645 2120 784 2176 nostrae
808 2112 1072 2177 occidentalium
1094 2115 1182 2178 Sax-

133 2232 237 2276 onum
266 2214 454 2277 aecclesiae
486 2220 602 2295 caput,
633 2220 839 2294 nostraeque
871 2213 1047 2294 religionis
1079 2235 1181 2278 exor-

132 2313 226 2376 dium
244 2313 441 2377 uullatenus
468 2313 585 2394 aliqua
601 2332 685 2376 suae
706 2313 874 2396 portionis
891 2314 1085 2394 priuaretur
1102 2317 1182 2378 sub-

133 2414 277 2490 stantia,
300 2413 361 2476 sed
380 2412 616 2494 redintegrata
640 2412 684 2476 ad
710 2413 879 2495 liquidum
903 2421 1030 2477 cuncta
1056 2416 1183 2479 clares·

135 2521 263 2589 cerent,
286 2519 326 2575 ut
345 2512 443 2576 uobis
471 2520 507 2575 et
533 2514 724 2595 praesentis
749 2513 842 2576 uitae
869 2513 1017 2576 iocunda
1040 2535 1183 2598 prospe·

134 2612 232 2691 ritas,
252 2618 288 2676 et
303 2611 442 2676 suturae
466 2620 627 2677 aeternae
649 2613 873 2677 beatitudinis
889 2613 1047 2676 meritum
1067 2617 1184 2679 multi-

135 2713 216 2794 plici
232 2713 372 2776 soeuore
389 2712 592 2776 fiducialiter
606 2713 760 2777 eueniret
775 2711 914 2776 Christo
930 2713 1110 2795 largiente,
1126 2718 1184 2798 qui

136 2831 212 2876 cum
245 2820 345 2896 patre
373 2819 408 2876 et
437 2813 561 2894 spiritu
592 2821 714 2876 sancto
747 2821 872 2876 cuncta
896 2814 1066 2894 gubernat
1094 2835 1184 2897 quae

136 2913 300 2976 condidit.
345 2911 571 2994 Supradictae
601 2913 708 2994 igitur
738 2919 960 2993 augmentum
986 2915 1185 2992 aecclesiae,

135 3013 217 3076 dum
245 3019 384 3076 nostrae
412 3013 452 3075 fit
476 3013 717 3095 prosperitatis
739 3012 1026 3095 supplementum,
1047 3022 1186 3078 nostrae

133 3112 311 3193 religionis
339 3112 483 3176 exordia
509 3118 705 3176 restaurare
736 3113 890 3194 cupiens,
920 3113 1021 3176 nouis
1047 3115 1184 3195 quidem

137 3212 281 3277 cartulis
301 3213 375 3276 eius
398 3211 583 3289 territoria,
609 3212 734 3295 partim
756 3232 817 3294 per
832 3213 1000 3276 incuriam
1020 3223 1185 3279 ueterano

136 3333 202 3377 usu
217 3313 343 3389 deleta,
354 3312 571 3377 AE'Selwoldo
585 3312 745 3394 praesule
760 3312 936 3375 humiliter
952 3314 1138 3392 obtinente,
1150 3317 1186 3379 in

136 3413 202 3478 hoc
217 3413 391 3495 praesenti
405 3411 623 3495 syntahmate
638 3412 812 3475 distinctis
829 3412 913 3504 locis
930 3413 1100 3491 semotim,
1117 3435 1186 3479 uon

137 3513 247 3577 solum
276 3531 318 3576 ea
343 3531 433 3595 quae
457 3512 577 3594 iniqua
606 3519 687 3575 ante
721 3513 898 3575 abstracta
929 3512 1052 3594 rapina
1083 3534 1105 3577 a
1133 3535 1187 3578 me

139 3613 303 3677 restituta
325 3618 417 3684 suut,
436 3612 493 3675 sed
513 3612 617 3675 etiam
640 3611 701 3674 illa
722 3630 811 3693 quae
839 3611 921 3673 olim
944 3631 965 3675 a
989 3614 1189 3694 praedeces-

139 3713 274 3778 soribus
300 3711 385 3775 meis
410 3718 570 3774 aeternae
595 3711 743 3774 trinitati
763 3731 927 3774 concessa
950 3711 1097 3791 fueraut,
1125 3735 1188 3796 pro

139 3813 274 3876 animae
290 3830 386 3875 meae
410 3811 643 3893 redemptione
658 3818 693 3874 et
710 3811 807 3891 regui
826 3813 935 3874 nostri
959 3815 1189 3893 prosperitate

140 3931 307 3977 renouare
323 3911 436 3976 iubeo.
488 3910 568 3975 Hoc
590 3911 715 3974 etenim
732 3911 768 3973 in
785 3911 921 3974 nomine
939 3911 1044 3975 Ihesu
1060 3912 1190 3978 Christi

139 4014 283 4096 eiusque
325 4010 501 4093 genitricis
546 4030 748 4094 semperque
792 4011 937 4091 uirginis
970 4011 1116 4090 Mariae,
1155 4022 1190 4078 et

139 4113 233 4178 beati
255 4111 352 4176 Petri
375 4111 611 4194 apostolorum
639 4111 815 4194 principis,
848 4113 1067 4194 omniumque
1092 4132 1189 4177 sanc·
1267 4200 1277 4218 υ
