2858 4890
180 349 224 415 26
437 367 611 416 curasse
633 367 977 417 suenosaxonrcsn.

185 524 373 589 AEiielwine
390 525 474 591 dux.
532 525 788 607 ›14Eg00slac
810 524 894 588 dux.
951 526 991 606 ›1‹
1008 523 1085 605 Ego
1106 519 1244 604 Byrht·

184 625 255 689 ferd
271 626 441 690 minister.
484 629 523 709 ›1‹
544 626 621 708 Ego
639 625 773 690 Eanulf
784 625 953 690 minister.
998 627 1038 707 ›1‹
1053 619 1240 705 EgoAElf·

78 795 83 803 ,
149 723 154 732 “
183 728 273 791 wine
288 727 458 790 minister.
500 729 540 809 ›1‹
559 727 636 809 Ego
653 724 871 791 AEhelweard
888 726 1056 789 minister.
1098 725 1137 805 ›1‹
1158 721 1242 803 Ego

182 826 360 891 Wulfstan
382 827 547 893 minister.
600 830 640 910 ›1‹
660 827 736 910 Ego
753 826 944 891 AElfweard
964 826 1131 889 minister.
1195 822 1236 903 »1⁴
1312 840 1316 847 ·

184 928 260 1010 Ego
278 928 442 993 AElfwine
459 927 623 992 minister.
680 931 720 1011 ›1‹
737 927 814 1009 Ego
830 926 992 1010 Leofsige
1008 925 1178 989 minister.

230 1026 360 1092 Rubria.
390 1027 452 1092 Dis
473 1029 504 1092 is
523 1026 604 1093 deira
624 1045 719 1093 .xx.
738 1028 831 1111 hyda
852 1027 914 1092 bric
938 1036 984 1092 aet
1003 1022 1177 1091 Mdrdfine
1198 1021 1243 1087 lie

183 1128 317 1212 Eddgfir
326 1130 406 1211 cing
422 1129 605 1211 gebdcodae
617 1129 792 1193 Eridwinae
807 1129 861 1193 his
871 1132 990 1215 paegne
1005 1147 1050 1193 on
1066 1126 1126 1191 ece
1137 1123 1243 1208 yrfae.

630 1403 789 1471 nxnv.

530 1541 777 1657 *sinain
799 1578 877 1644 oce.

240 1735 279 1815 ›1‹
300 1734 434 1798 Drurru
458 1733 587 1816 eloquii
610 1732 743 1797 monitu
766 1730 953 1795 creberime
973 1730 1181 1795 instruimur
1204 1738 1247 1796 ut

184 1833 237 1897 illi
254 1834 358 1917 opido
375 1834 522 1898 subiecti
537 1833 800 1917 suppeditantes
818 1830 1035 1909 famulemur,
1052 1831 1112 1913 qui
1127 1831 1245 1897 totius

184 1935 290 1999 cosmi
313 1934 479 1998 fabricam
503 1954 547 1998 ex
570 1932 710 1998 informi
733 1932 879 1996 materia
896 1932 984 1995 mira
1002 1931 1244 2015 ineffabilique

184 2036 272 2099 serie
295 2034 461 2112 condidit,
483 2054 524 2098 ac
547 2035 619 2098 suis
641 2034 836 2117 quibusque
859 2031 945 2096 locis
964 2030 1244 2098 luculentissime

184 2136 372 2218 disposuit3
390 2143 545 2200 attamen
562 2135 598 2198 in
612 2134 677 2198 hac
688 2134 844 2216 practica
856 2134 1245 2215 aerumpnosaqueuita

186 2236 291 2300 nichil
306 2242 570 2319 perseueranter
587 2234 776 2299 consistere
792 2233 898 2310 ualet,
913 2232 1085 2316 nichilque
1098 2233 1244 2316 prolixa

186 2335 375 2401 foelicitate
397 2336 523 2400 fruitur
554 2336 610 2398 uel
642 2335 807 2399 diuturna
836 2334 1068 2398 dominatione
1091 2335 1242 2416 potitur,

186 2437 292 2499 nichil
306 2437 397 2519 quod
414 2456 483 2501 non
500 2436 544 2500 ad
562 2435 704 2500 fatalem
719 2436 814 2499 uitae
831 2436 1015 2499 terminum
1029 2435 1143 2499 ueloci
1157 2454 1241 2499 cur·

186 2556 228 2599 su
251 2536 436 2616 tendatur;
468 2544 504 2602 et
533 2537 610 2601 ideo
636 2537 686 2601 sic
708 2535 808 2599 nohis
840 2534 1092 2599 mundanarum
1121 2555 1240 2601 rerum

186 2637 414 2719 patrimoniae
430 2645 512 2701 sunt
527 2635 753 2720 perfruendae
769 2643 809 2700 ut
827 2655 905 2699 cum
923 2644 1083 2700 aeternae
1100 2637 1240 2718 patriae

187 2738 427 2802 emolumentis
452 2758 628 2821 nunquam
654 2737 900 2801 fraudulemur.
954 2735 1049 2800 Hinc
1071 2742 1126 2799 est
1143 2737 1238 2801 enim

187 2838 280 2917 quod
296 2858 362 2919 ego
380 2838 520 2920 Eadgar
535 2840 643 2903 totius
661 2838 864 2902 Britanniae
885 2837 1036 2902 basileus
1060 2837 1240 2919 quandam

187 2938 320 3002 telluris
336 2939 553 3021 particulam,
568 2939 713 3021 triginta
729 2938 892 3002 uidelicet
907 2946 1075 3015 cassatos,
1084 2937 1162 3002 loco
1175 2939 1239 3021 qui

187 3038 312 3103 celebri
324 3047 370 3104 aet
382 3040 507 3104 Stoure
523 3046 743 3121 nuncupatur
758 3046 931 3115 onomate,
943 3027 1078 3103 cuidam
1094 3046 1240 3105 sanctae

187 3139 243 3203 dei
269 3140 457 3205 aecclesiae
484 3140 622 3205 domino
651 3146 770 3203 nostro
798 3138 904 3203 Ihesu
931 3138 1070 3204 Christo
1094 3139 1240 3222 eiusque

186 3240 346 3321 genitrici
366 3260 568 3324 semperque
588 3240 716 3321 uirgini
737 3240 873 3303 Mariae
896 3240 1031 3305 dicatae
1051 3240 1127 3304 loco
1145 3240 1240 3305 cele·

189 3341 240 3403 bri
257 3340 316 3422 qui
334 3339 598 3423 Glastingaburi
613 3354 834 3424 nuncupatur
850 3347 1023 3418 onomate,
1040 3341 1084 3405 ob
1099 3343 1241 3407 animae

188 3459 285 3504 meae
314 3441 498 3504 remedium
528 3439 572 3503 ad
602 3460 686 3504 usus
718 3442 962 3506 monachorum
990 3441 1075 3504 inihi
1106 3441 1241 3523 degen-

184 3540 269 3604 tium
282 3560 360 3604 cum
375 3543 534 3605 omnibus
548 3541 767 3619 utensilibus
776 3543 886 3623 pratis
898 3541 1073 3619 uidelicet,
1083 3544 1240 3624 pascuis,

187 3641 298 3717 siluiS,
313 3649 480 3724 perpetua
501 3643 649 3725 largitus
671 3662 748 3706 sum
772 3642 996 3706 haereditate.
1047 3643 1102 3707 Sit
1119 3650 1241 3709 antem

188 3741 400 3823 praedictum
422 3763 480 3807 rus
501 3743 593 3808 omni
615 3751 773 3807 terrenae
796 3744 973 3807 seruitutis
991 3744 1075 3825 iugo
1089 3744 1240 3809 liberum

187 3842 297 3905 trihus
318 3845 483 3925 exceptis,
504 3850 582 3907 rata
597 3844 759 3908 uidelicet
781 3843 1014 3925 expeditione,
1032 3844 1160 3925 pontis,
1180 3863 1241 3909 ar-

187 3943 281 4005 cisue
297 3946 560 4010 restauratione.
611 3944 649 4009 Si
665 3945 744 4027 quis
766 3944 873 4024 igitur
898 3944 986 4008 hanc
1003 3952 1157 4009 nostram
1173 3944 1240 4011 do·

186 4043 360 4106 nationem
376 4044 412 4107 in
429 4046 523 4110 aliud
538 4064 642 4127 quam
657 4044 898 4109 constituimus
914 4046 1101 4109 transferre
1115 4046 1239 4112 uolue-

186 4144 243 4219 rit,
267 4143 423 4225 priuatus
449 4146 623 4211 consortio
645 4152 788 4210 sanctae
807 4145 862 4208 dci
884 4145 1072 4211 aecclesiae
1085 4149 1240 4215 aeternis
