2858 4890
178 367 222 430 40
435 380 609 429 onsurae
632 364 976 428 Anonossxomchnj

181 539 341 619 gentibus
373 556 477 620 quam
510 535 638 600 crebris
661 536 885 598 barbarorum
910 533 1159 618 irruptionibus
1182 534 1234 597 di-

182 646 291 716 rutae,
320 645 355 702 et
382 638 533 700 maxime
559 643 714 699 sanctam
742 643 777 698 ct
802 635 1029 718 apostolicam
1050 635 1172 712 uitam,
1198 633 1234 697 id

182 747 235 802 est
262 737 498 802 monachicum
519 736 685 812 ordinem,
711 755 772 817 per
795 755 914 799 omnes
936 735 1035 817 regni
1060 735 1128 798 mei
1152 754 1235 816 pro·

182 838 315 902 uincias
342 838 497 902 funditus
523 835 708 920 deperisse,
735 837 890 918 grauiter
915 836 1035 899 dolens
1058 842 1093 899 et
1119 835 1234 899 consi-

182 938 267 1001 lium
294 957 315 1002 a
342 946 463 1002 sancto
489 936 614 1020 spiritu
645 936 829 1018 accipiens,
857 937 1043 1000 Dunstano
1066 935 1235 1018 archicpi-

184 1058 290 1120 scopo
314 1045 349 1102 et
365 1036 580 1102 AEbclwoldo
594 1035 840 1120 Wyntoniensi
857 1037 1020 1119 episcopo
1043 1035 1109 1100 hoc
1128 1055 1235 1117 nego-

183 1140 270 1203 tium
287 1138 409 1216 indixi,
423 1145 464 1202 ut
480 1137 595 1202 omnia
608 1137 819 1201 monasteria
836 1155 926 1219 quae
945 1138 1036 1201 inter
1050 1136 1236 1200 terminum

185 1240 292 1303 totius
309 1236 459 1320 Angliae
485 1239 553 1302 sita
575 1245 658 1301 sunt
685 1256 790 1320 supra
812 1238 868 1301 uel
892 1237 983 1301 inira
1005 1237 1235 1314 circumirent,

185 1360 226 1403 ac
242 1337 512 1416 reaedificarent,
526 1337 761 1419 possessiones
776 1356 865 1419 quae
881 1336 925 1400 ad
937 1336 1058 1401 fiscum
1074 1336 1237 1401 redactae

185 1447 285 1503 erant
308 1439 351 1502 de
379 1439 463 1521 ipsis
495 1438 714 1502 monasteriis
741 1437 799 1500 uel
823 1438 867 1500 ab
894 1437 972 1502 aliis
1000 1436 1237 1502 saecularibus

185 1539 417 1623 potestatibus
442 1557 609 1622 peruasae
633 1538 852 1620 ubicumque,
874 1538 980 1602 cartis
1002 1538 1059 1602 uel
1079 1537 1236 1602 testimo-

186 1640 252 1702 niis
270 1646 557 1721 recognoscerent
576 1657 654 1701 mea
669 1638 876 1702 auctoritate
891 1638 983 1716 freti,
1001 1638 1045 1702 ad
1062 1639 1235 1720 integrum

185 1738 433 1818 restituerent3
463 1746 498 1803 et
520 1747 688 1821 tanquam
711 1736 846 1802 dicente
874 1737 979 1802 michi
1006 1737 1157 1815 domino,
1180 1736 1236 1802 ‘A

185 1840 300 1923 capite
331 1839 466 1922 incipe,'
489 1839 646 1922 inprimis
677 1837 881 1902 aecclesiam
911 1839 1070 1922 specialis
1099 1839 1237 1922 patroni

186 1961 227 2005 ac
263 1941 468 2023 protectoris
504 1940 613 2004 nostri
643 1939 738 2002 beati
770 1937 869 2003 Petri
893 1958 983 2021 quae
1015 1939 1085 2003 sita
1117 1946 1171 2003 est
1201 1939 1237 2002 in

185 2040 263 2105 loco
296 2039 441 2105 terribili
471 2041 531 2122 qui
564 2040 608 2102 ab
640 2039 763 2103 incolis
793 2038 976 2123 Thomeyc
1006 2047 1238 2122 nuncupatur,

187 2142 231 2205 ab
265 2140 442 2205 occidente
472 2140 605 2204 scilicet
642 2140 738 2203 urbis
773 2139 987 2216 Lundoniae,
1019 2159 1108 2222 qnae
1130 2140 1237 2217 olim,

185 2240 222 2303 id
250 2248 303 2304 est
325 2241 516 2304 dominicae
541 2239 790 2304 incarnationis
817 2259 909 2303 anno
930 2241 1118 2317 .no¹¹3⁰rur.,
1144 2241 1237 2305 beati

188 2338 401 2404 AEdelberhti
422 2340 574 2417 hortatu,
594 2340 695 2422 primi
707 2338 903 2421 Anglorum
926 2339 1019 2421 regis
1037 2340 1238 2419 Christiani,

187 2441 364 2504 destructo
380 2441 476 2523 prius
499 2440 624 2503 ibidem
648 2440 937 2504 abhominationis
962 2439 1091 2523 templo
1118 2461 1238 2522 regum

187 2560 416 2622 paganorum,
433 2560 454 2604 a
471 2539 642 2604 Sabertho
665 2540 859 2623 praediuite
877 2540 1026 2623 quodum
1050 2541 1237 2622 subregulo

189 2640 402 2718 Londoniae,
411 2648 536 2724 nepote
547 2641 709 2705 uidelicet
723 2640 832 2723 ipsius
846 2642 951 2722 regis,
962 2649 1162 2706 constructa
1173 2650 1238 2720 est,

187 2748 223 2804 et
239 2761 309 2805 non
326 2742 370 2805 ab
390 2741 459 2805 alio
481 2741 541 2804 sed
564 2742 607 2804 ab
628 2742 705 2824 ipso
727 2748 849 2805 sancto
870 2740 976 2805 Petro
1001 2743 1237 2824 apostolorum

186 2841 341 2923 principe
362 2842 399 2904 in
421 2861 521 2905 suum
543 2841 661 2930 ipsius,
676 2842 853 2924 proprium
874 2841 1038 2906 honorem
1059 2842 1237 2922 dedicata3

186 2941 310 3005 dehinc
333 2942 376 3005 ab
398 2940 477 3005 Offa
491 2948 526 3005 et
541 2940 728 3024 Kcnulpho
749 2942 888 3023 regibus
906 2941 1136 3006 celeberrimis
1157 2963 1238 3026 pos·

187 3043 380 3107 sessionum
402 3042 594 3125 priuilegiis
619 3049 654 3106 et
680 3043 787 3106 uariis
804 3049 1085 3106 ornamentorum
1107 3045 1238 3126 specie·

187 3142 253 3204 bus
267 3142 488 3206 uehementer
508 3142 621 3205 fuerat
643 3142 766 3221 ditata,
788 3143 874 3206 etin
889 3162 959 3225 qua
976 3142 1075 3206 sedes
1090 3143 1188 3226 regia
1202 3151 1239 3209 st

188 3242 285 3306 locus
299 3244 404 3306 etiam
419 3242 687 3306 consecrationis
700 3262 822 3324 regum
839 3243 1031 3325 antiquitus
1047 3250 1133 3321 erat,
1149 3243 1239 3309 hanc

187 3330 339 3424 praecipi
371 3348 411 3405 ut
435 3342 624 3406 studiosius
647 3350 870 3420 restruerent,
892 3350 928 3407 et
953 3362 1072 3407 omnes
1100 3364 1239 3427 posses·

189 3442 304 3505 siones
326 3439 400 3504 eius
422 3441 665 3519 readunarent,
682 3450 717 3506 et
738 3444 813 3526 ipse
836 3443 878 3507 de
894 3443 1111 3508 dominicatis
1137 3446 1238 3509 terris

189 3542 274 3604 meis
289 3541 468 3623 aliquanta
478 3541 605 3619 addidi,
624 3550 659 3607 et
675 3545 780 3608 cartis
795 3550 901 3626 atque
914 3543 1079 3625 legitimis
1090 3546 1239 3609 testibus

189 3642 421 3705 corroborani.
456 3642 603 3720 Deinde,
616 3644 821 3707 succedente
838 3650 1004 3727 tempore,
1013 3645 1159 3710 concilio
1176 3645 1239 3711 ha-

189 3742 262 3805 bito
285 3740 377 3804 infra
402 3742 579 3805 basilicam
604 3743 728 3826 ipsam,
751 3744 968 3826 praesidente
990 3764 1141 3808 mecum
1167 3746 1240 3812 filio

188 3862 265 3905 meo
294 3841 500 3920 Eadwardo,
533 3849 568 3906 et
600 3844 719 3907 eodem
755 3844 1014 3928 archiepiscopo
1049 3847 1242 3912 uenerabili

190 3942 375 4006 Dunstano
408 3949 443 4006 et
473 3943 643 4007 uniuersis
672 3943 842 4027 episcopis
869 3951 904 4008 et
928 3944 1116 4009 baronibus
1140 3949 1240 4026 meis,

189 4048 328 4104 secutus
345 4043 539 4125 exemplum
558 4044 726 4107 maiorum
748 4063 901 4108 meorum
923 4046 1103 4122 renouani,
1123 4047 1240 4113 addidi

189 4148 224 4204 et
241 4141 462 4206 corroboraui
481 4151 595 4208 cartas
613 4151 648 4208 et
665 4144 849 4226 priuilegia
870 4145 1021 4210 eiusdem
1041 4145 1120 4223 loci,
1142 4149 1239 4212 etad
