2858 4890
442 365 614 414 maurus
635 366 977 416 nncwsnxonrcnr.
1182 355 1248 419 299

182 523 353 587 conclusi.
401 525 441 607 ᾧ
456 522 705 606 EgoAEllliryb
721 525 855 606 regina.
903 526 943 606 *1⁴
957 524 1034 606 Ego
1042 525 1245 591 AElfuucard

182 624 307 688 abbas.
397 623 437 705 ›1‹
464 623 542 706 Ego
558 623 707 706 AElfsige
734 626 855 689 abbas.
933 626 973 706 ›1‹
992 624 1069 705 Ego
1093 624 1245 708 Uulfgar

185 724 308 787 abbas.
378 725 418 806 ᾧ
436 724 513 806 Ego
529 723 666 788 Leofn'c
683 725 803 789 abbas.
859 726 900 806 ᾧ
914 725 991 807 Ego
1010 725 1170 790 AElfhere
1187 729 1246 791 ab·

185 823 263 887 bas.
326 826 365 906 ›1‹
383 823 459 905 Ego
472 824 653 888 AElfuuold
669 825 789 890 abbas.
847 825 886 905 ›1‹
903 825 979 906 Ego
994 824 1161 889 Bribtnoli
1184 829 1245 891 ab·

185 923 261 988 bas
320 924 359 1005 ᾧ
376 923 600 1006 EgoKenulf
609 924 729 988 abbas.
786 926 826 1006 *1⁴
846 924 1147 1006 EgoAEBelwcard
1161 926 1245 991 dux.

187 1022 268 1104 Ego
285 1022 410 1088 AElfric
430 1024 471 1104 ᾧ
489 1023 575 1088 dux.
657 1025 735 1106 Ego
752 1023 922 1088 AEllbelm
943 1026 983 1106 ›1‹
1003 1024 1086 1088 dux.
1169 1027 1246 1109 Ego

188 1121 354 1204 leofsige
374 1124 414 1204 ›1‹
434 1123 518 1189 dux.
580 1123 658 1206 Ego
669 1123 857 1188 AEbelmaer
876 1126 915 1206 ›1‹
936 1125 1105 1189 minister.
1167 1127 1246 1209 Ego

188 1223 322 1286 Orduls
349 1223 388 1303 ›1‹
420 1223 587 1288 minister.
676 1225 753 1308 Ego
783 1224 973 1289 Wulfricus
1007 1226 1046 1306 ›1‹
1079 1226 1245 1291 minister.

188 1323 269 1405 ligo
280 1322 461 1404 Wulsgeat
481 1325 521 1405 ›1‹
543 1323 708 1388 minister.
761 1325 838 1405 Ego
853 1324 1046 1388 Wulfheah
1068 1327 1107 1407 ›1‹
1129 1327 1245 1391 minis-

187 1429 255 1487 ter.
316 1422 393 1505 Ego
410 1423 596 1487 Brihtmaer
620 1424 660 1504 *1⁴
681 1425 848 1488 minister.
908 1424 987 1505 Ego
1003 1424 1180 1491 Ieofwine
1201 1431 1240 1511 ›1‹

186 1523 356 1589 minister.
408 1523 485 1605 Ego
502 1521 717 1588 AEbelweard
740 1526 779 1606 ᾖ
799 1523 965 1588 minister.

240 1619 372 1686 Rubrio.
423 1621 647 1705 Conscriptns
663 1633 717 1688 est
730 1631 845 1689 autem
862 1623 917 1688 hic
931 1624 1019 1688 liber
1035 1625 1071 1689 in
1091 1627 1168 1691 loco
1185 1629 1246 1710 qui

188 1723 318 1787 dicitnr
334 1721 490 1806 Celcbyb
508 1724 545 1787 in
560 1725 695 1808 synodo
712 1724 862 1807 publico.

654 1883 775 1896 1.-

604 1988 837 2055 ncxcvll.

443 2110 700 2178 AELFGYUA
725 2113 893 2192 YMMA,
919 2114 996 2178 997.

243 2238 283 2320 ᾧ
294 2234 405 2301 Auno
420 2237 612 2303 dominicae
626 2239 876 2303 incarnationis
887 2253 1138 2303 cccccxcvn.
1172 2239 1249 2321 Ego

193 2336 365 2420 AElfgyua
376 2337 506 2402 Ymma
520 2339 641 2421 regina
657 2338 810 2403 concedo
826 2339 1013 2403 aecclesiae
1026 2338 1167 2416 Christi,
1185 2360 1248 2422 pro

192 2435 307 2500 salute
340 2439 476 2502 animae
506 2458 617 2517 meae,
646 2439 691 2501 ad
722 2459 810 2521 opus
839 2439 1088 2503 monachorum
1119 2446 1247 2503 terram

192 2537 331 2601 nomine
357 2537 566 2603 Newintune
597 2547 632 2603 et
658 2538 886 2603 Brabeunelle
914 2539 1057 2602 liberam
1084 2540 1128 2603 ab
1155 2541 1248 2604 omni

192 2637 363 2701 saeculari
394 2639 537 2702 seruitio
563 2646 599 2702 et
623 2638 732 2702 fiscali
758 2639 901 2715 tributo,
927 2639 1084 2721 exceptis
1108 2641 1250 2722 expedi·

193 2737 299 2814 tione,
317 2738 438 2820 pontis,
459 2745 495 2802 et
516 2739 606 2803 arcis
626 2739 906 2802 constructione:
933 2739 1002 2802 ista
1025 2749 1118 2804 terra
1139 2749 1193 2804 est
1212 2741 1248 2802 in

193 2838 335 2918 regione
365 2856 456 2920 quae
494 2839 693 2903 nominatur
723 2838 936 2902 Oxanaford.
1005 2839 1082 2920 Ego
1111 2859 1250 2922 quoque

195 2937 325 3001 contuli
364 2939 473 3002 eidem
513 2939 701 3003 aecclesiae
737 2938 879 3016 Christi,
918 2957 981 3020 pro
1022 2958 1084 3020 spe
1126 2939 1249 3001 salutis

196 3043 368 3115 aeternae,
397 3039 540 3103 calicem
577 3059 656 3102 cum
687 3046 815 3120 patena
846 3058 964 3114 aurea,
996 3038 1033 3100 in
1062 3057 1133 3121 quo
1167 3045 1248 3102 sunt

198 3152 294 3201 2x111.
310 3155 448 3202 marcae
468 3138 510 3202 de
533 3158 620 3222 puro
637 3157 736 3216 auro,
755 3146 791 3202 et
810 3137 879 3202 duo
896 3138 1047 3203 dorsalia
1066 3137 1109 3202 de
1130 3139 1249 3219 pallio,

199 3243 238 3300 ct
251 3237 340 3301 duas
357 3258 464 3322 capas
479 3239 522 3303 de
538 3238 647 3322 pallio
663 3258 740 3302 cum
757 3239 913 3303 cessallis
930 3258 1015 3303 auro
1031 3240 1175 3321 paratis.

674 3381 785 3394 —u

595 3465 852 3532 DGXGVIII.

545 3590 809 3669 AEDELRED,
836 3591 914 3655 997.

250 3719 291 3799 ᾧ
312 3715 490 3781 Bscnurn
511 3715 650 3781 domino
672 3715 737 3780 deo
759 3723 794 3779 et
813 3716 988 3779 saluatore
1010 3721 1129 3779 nostro
1145 3715 1249 3780 lhesu

196 3816 336 3882 Christo
366 3817 492 3881 trinam
519 3835 633 3879 rerum
662 3816 856 3880 machinam
888 3815 1110 3897 omniumque
1142 3816 1250 3879 uitam

194 3917 392 3983 mortalium
422 3923 526 3999 prout
555 3915 866 3998 praedestinauerit
895 3914 1099 3980 ordinante!
1135 3915 1251 3979 Insta-

194 4019 274 4083 bllis
290 4017 449 4081 fortunae
467 4016 636 4080 uarietate
660 4015 744 4080 haee
766 4017 892 4080 misera
912 4022 948 4080 et
971 4015 1174 4097 lugubribus
1197 4035 1251 4078 re·

195 4119 285 4184 ferta
314 4117 490 4191 doloribus
518 4116 597 4181 hinc
629 4115 709 4207 inde
742 4117 815 4182 uita
845 4116 1017 4192 atteritur,
1046 4116 1082 4178 in
1116 4122 1250 4180 tantum
