2858 4890
193 347 237 411 90
447 362 619 412 cnnarnn
642 361 984 411 ancnosnxorucnn.

195 523 266 586 rias
279 521 400 587 kartas
419 529 632 605 usurpantes
656 521 848 599 ediderunt,
870 520 929 586 sed
951 520 987 584 in
1009 519 1120 603 patris
1135 526 1171 584 et
1188 519 1248 583 filii

193 630 229 687 et
246 624 388 705 spiritns
403 624 515 687 sancti
530 623 669 686 nomine
686 622 929 706 praecipimus,
942 628 982 688 ut
998 620 1245 685 catholicorum

194 742 295 787 nemo
318 723 456 788 easdem
483 724 637 806 recipiat,
658 722 717 787 sed
740 742 762 787 a
787 723 921 787 cunctis
943 722 1145 805 repudiatae
1167 721 1247 785 fide·

195 823 286 887 libus
303 823 339 888 in
359 824 579 889 anathemate
596 823 815 907 deputentur,
832 824 939 888 ueteri
964 823 1091 904 iugiter
1105 823 1246 904 uigente

194 924 389 1007 priuilegio.
457 924 558 989 Haec
587 931 669 989 sunt
702 925 843 988 nomina
875 930 1045 988 terrarum
1079 942 1171 1005 quae
1203 923 1246 987 ad

194 1023 400 1108 Wigemam
442 1025 627 1108 pertinent.
700 1023 865 1089 Praefate
906 1042 1043 1108 quoque
1078 1024 1246 1106 coenobio

193 1126 298 1189 trium
328 1126 486 1208 iugerum
515 1125 693 1208 quantitas
726 1131 762 1189 et
792 1125 860 1188 duo
887 1125 1030 1208 praedia
1052 1121 1088 1187 in
1112 1123 1246 1189 famosa

192 1226 277 1289 urbe
305 1245 394 1308 quae
427 1228 472 1290 ab
505 1225 632 1290 accolis
661 1225 788 1289 dicitur
814 1225 1129 1308 Uuigornaceaster
1158 1226 1245 1289 acei-

192 1325 291 1403 dunt,
314 1345 404 1407 quae
436 1327 500 1391 sub
527 1325 679 1390 eiusdem
707 1325 915 1390 conditione·
931 1325 1100 1390 libertatis
1125 1345 1245 1408 perpe-

192 1425 334 1490 tualiter
355 1427 391 1490 in
408 1427 546 1492 nomine
568 1426 697 1490 domini
717 1427 827 1490 nostri
848 1425 954 1490 lhesn
973 1424 1103 1490 Christi
1125 1425 1245 1490 haberi

191 1525 378 1609 praecipio,
396 1535 432 1590 et
454 1528 499 1590 ad
516 1547 616 1590 usum
633 1526 835 1590 conficiendi
857 1527 940 1591 salis
956 1526 1089 1590 duobus
1105 1527 1141 1590 in
1157 1527 1243 1592 locis
1271 1538 1273 1542 “

193 1642 312 1692 .xv111.
324 1626 494 1692 doliorum
515 1628 603 1692 situs
624 1647 671 1690 on
685 1626 818 1691 Middel
835 1627 901 1691 wie
919 1644 970 1692 .x.
989 1635 1023 1690 et
1038 1647 1084 1692 on
1102 1624 1242 1692 Neodo·

190 1733 291 1792 maest
315 1728 380 1792 wic
398 1745 488 1792 .v111.
523 1735 558 1793 et
589 1729 734 1792 duarum
760 1727 946 1792 sornatinm
967 1727 1072 1792 statio
1094 1729 1242 1794 onWit·

190 1833 273 1890 tune
290 1835 399 1892 etuas
415 1828 508 1911 quod
525 1827 878 1909 diciturWestrincge
892 1847 970 1892 cum
984 1848 1054 1891 uno
1071 1847 1193 1894 manso
1209 1837 1244 1894 et

188 1926 366 1991 dimidium
388 1928 501 1993 mansi
521 1929 557 1992 in
579 1929 657 1993 loco
685 1929 744 2011 qui
771 1928 896 1993 dicitur
919 1927 1071 2006 Nortun,
1093 1936 1129 1993 et
1144 1929 1242 1994 dimi·

187 2027 282 2092 dium
310 2029 421 2093 mansi
451 2030 489 2094 in
520 2029 597 2094 loco
629 2030 689 2112 qui
710 2028 836 2093 dicitur
857 2037 905 2093 aet
924 2027 1131 2094 Westwuda
1153 2030 1243 2095 eius-

157 2183 158 2186 ,
187 2127 266 2192 dem
294 2129 542 2212 perpetualiter
565 2130 636 2193 sint
660 2130 842 2194 libertatis.
893 2129 932 2193 Si
955 2130 1032 2211 quis
1061 2148 1144 2194 uero
1168 2137 1241 2194 tam

188 2228 426 2312 epilempticus
447 2230 669 2313 philargiriae
691 2229 852 2294 seductus
875 2230 1038 2307 amentia,
1055 2229 1148 2312 qnod
1172 2253 1241 2296 non

187 2337 361 2412 optamus,
393 2330 482 2394 hanc
529 2337 669 2394 nostrae
713 2329 967 2395 munificentiae
1004 2329 1240 2413 dapsilitatem

186 2448 273 2494 ausu
290 2431 474 2495 temerario
497 2431 684 2513 infringere
707 2432 940 2514 temptauerit,
957 2431 1003 2495 sit
1017 2432 1092 2514 ipse
1112 2432 1240 2498 aliena-

186 2535 245 2594 tus
275 2549 297 2594 a
324 2532 498 2596 consortio
524 2540 667 2596 sanctae
697 2531 753 2595 dei
781 2531 968 2595 aecclesiae
997 2551 1130 2595 necnon
1153 2539 1191 2598 et
1219 2554 1241 2599 a

185 2630 449 2713 participatione
467 2633 678 2697 sacrosancti
701 2622 854 2714 corporis
878 2638 913 2696 et
929 2632 1108 2714 sanguinis
1131 2630 1238 2699 Ihesu

187 2728 316 2795 Christi
331 2731 393 2796 filii
415 2732 481 2811 dei,
498 2752 678 2815 perquem
694 2738 790 2796 totus
812 2740 981 2798 terrarum
1003 2731 1096 2796 orbis
1116 2735 1161 2798 ab
1179 2753 1239 2800 an*

184 2831 283 2914 tiqno
308 2831 449 2897 humani
475 2833 611 2915 generis
638 2833 776 2896 inimico
801 2833 967 2897 liberatus
1000 2839 1063 2909 est,
1096 2840 1132 2898 et
1160 2855 1238 2901 cum

186 2930 275 2996 Iuda
292 2931 421 2998 Christi
443 2934 619 3017 proditore
642 2934 782 2998 sinistra
802 2934 840 2996 in
862 2941 960 3017 parte
982 2933 1182 3016 deputatuS,
1202 2939 1237 3002 ni

183 3034 280 3114 prius
298 3033 353 3098 hie
376 3034 483 3116 digna
502 3035 740 3099 satisfactione
758 3033 896 3098 humilis
918 3034 1127 3117 poenituerit
1144 3039 1237 3118 quod

183 3140 306 3198 contra
320 3142 477 3199 sanctam
493 3135 550 3199 dei
566 3135 767 3199 aecclesiam
783 3135 921 3199 rebellis
938 3154 1041 3217 agere
1058 3154 1238 3218 praesum·

182 3233 240 3311 sit,
260 3253 326 3298 ‘nec
350 3234 387 3297 in
410 3236 486 3299 uita
507 3235 572 3299 hac
595 3236 749 3317 practica
776 3236 913 3299 ueniam
937 3235 1058 3300 necin
1081 3235 1238 3304 theorica

182 3335 334 3416 requiem
353 3342 515 3417 apostata
531 3336 686 3400 obtineat
702 3337 821 3415 ullam,
840 3337 899 3400 sed
917 3336 1065 3400 aeternis
1082 3336 1238 3404 barathri

181 3433 349 3498 incendiis
372 3442 488 3499 trusus
513 3455 591 3499 cum
611 3434 751 3500 Anania
777 3444 813 3501 et
837 3435 997 3520 Saphyra
1020 3437 1147 3519 iugiter
1175 3441 1236 3504 mi-

181 3536 344 3599 serrimus
377 3536 559 3627 crucietur.
624 3534 728 3601 Anno
761 3537 952 3601 dominicae
985 3537 1235 3604 incarnationis

184 3637 591 3720 .oecec.nxx11.seripta
616 3644 668 3701 est
687 3637 789 3702 huius
815 3637 1068 3702 munificentiae
1090 3657 1235 3722 syngra-

180 3736 262 3818 pha,
286 3736 341 3802 his
380 3737 525 3801 testibus
567 3737 870 3816 consentientibus,
905 3757 1051 3820 quorum
1088 3739 1234 3806 inferius

180 3838 321 3902 nomina
351 3839 539 3902 seeundum
571 3838 839 3922 uniuscuiusque
870 3837 1075 3920 dignitatem
1104 3842 1235 3906 utrius-

179 3957 247 4021 que
263 3937 392 4002 ordinis
407 3938 596 4004 decusatim
615 3938 753 4003 domino
768 3940 971 4022 disponente
988 3949 1212 4006 caraxantur.

222 4041 261 4121 ›1‹
273 4037 497 4122 EgoEadgar
511 4036 930 4121 BrittanniaeAnglorum
944 4040 1152 4106 monarchus
1168 4042 1235 4108 hoc

178 4147 333 4204 taumate
356 4142 482 4205 donum
503 4142 603 4223 agiae
620 4140 732 4212 crucis
748 4141 920 4205 roboraui.
978 4143 1018 4223 »1⁴
1036 4140 1114 4223 Ego
1132 4143 1233 4208 Dun-
