2858 4890
181 358 245 424 182
440 375 612 423 auraria
639 373 982 422 luonosaxomcnn.

598 630 824 697 DCXXIX.

508 783 530 825 *
548 780 815 857 AEDELRED,
836 778 911 843 981.

241 930 280 1010 »1⁴
305 928 598 994 Uniunnsrrnrrs
623 936 779 994 creatore
805 928 843 991 in
866 933 1043 991 aeternum
1071 933 1239 1008 regnante

186 1047 227 1091 ac
260 1028 352 1094 iusto
383 1029 614 1093 moderamine
648 1035 775 1093 cuncta
807 1035 925 1092 creata
948 1026 1100 1090 uisibilia
1124 1032 1160 1089 et
1185 1025 1239 1088 in-

187 1128 349 1202 uisibilia,
380 1129 467 1192 miro
488 1124 720 1211 ineffabilique
751 1127 853 1192 modo
885 1126 1121 1208 gubernante!
1163 1125 1240 1206 Ego

189 1226 349 1291 AEbelred
373 1227 544 1310 Anglicae
578 1229 729 1292 nationis
769 1234 1050 1308 caeterarumque
1082 1225 1239 1306 gentium

189 1327 357 1393 triuiatim
389 1329 483 1391 intra
514 1329 681 1393 ambitum
713 1327 916 1391 Britanniae
947 1326 1082 1389 insulae
1111 1325 1240 1406 degen-

190 1427 289 1504 tium,
309 1429 425 1509 regiae
446 1428 626 1510 dignitatis
649 1428 736 1492 solio
756 1428 800 1491 ad
818 1434 953 1509 tempus
970 1425 1101 1491 Christi
1121 1425 1241 1488 mundi

190 1527 417 1610 redemptoris
438 1529 553 1610 gratia
569 1527 850 1592 subthronizatus
871 1526 1033 1602 basileus,
1053 1525 1242 1608 aquodam

191 1626 301 1691 milite
317 1628 490 1692 auunculo
507 1628 668 1692 uidelicet
689 1647 778 1704 meo,
795 1627 855 1710 qui
870 1626 1041 1691 secundae
1058 1645 1241 1706 regenera-

191 1727 295 1790 tionis
311 1735 411 1792 utero
431 1728 619 1793 innouante
635 1729 750 1807 gratia
765 1726 982 1791 ineffabiliter
998 1726 1123 1802 editus,
1135 1725 1243 1789 nobili

194 1826 324 1891 Ordulf
334 1829 468 1910 pollens
487 1829 588 1895 floret
611 1835 785 1905 onomate,
802 1826 922 1890 humili
942 1826 1127 1889 deuotione
1149 1844 1242 1889 com-

193 1936 353 2010 punctus,
372 1929 529 1992 subnixis
548 1929 738 2011 deposcens
755 1927 913 2010 precibus
932 1925 1124 2007 efflagitare
1143 1925 1243 1989 deum

193 2035 420 2110 compunctus
447 2029 562 2110 gratia
581 2028 770 2093 beneuolus
792 2033 944 2110 ceperat,
967 2032 1007 2089 ut
1028 2025 1244 2089 arcisterium

193 2127 250 2192 cui
272 2128 424 2193 notabile
444 2136 480 2193 at
495 2128 682 2193 Tauistoce
697 2127 809 2208 fulget
823 2125 1042 2202 uocabulum,
1058 2126 1117 2188 ubi
1134 2132 1245 2189 mater

194 2228 268 2290 eius
288 2228 464 2311 fraterque
484 2246 553 2291 aua
570 2226 732 2291 uidelicet
745 2246 834 2304 mea,
849 2237 885 2291 et
902 2224 1107 2302 auunculus,
1129 2232 1243 2290 caete·

195 2328 293 2409 rique
316 2335 456 2391 nostrae
472 2328 686 2411 posteritatis
708 2327 886 2409 prosapies
908 2325 1094 2388 mausoleis
1110 2333 1243 2390 somate

195 2426 368 2504 tumulati,
386 2429 471 2492 tuba
494 2427 596 2490 huius
622 2427 773 2491 caducae
795 2427 889 2490 uitae
911 2424 1093 2507 clangente
1109 2425 1244 2503 ultima,

196 2527 334 2591 tertiam
361 2527 620 2593 resurrectionis
636 2527 868 2604 natiuitatem,
883 2525 998 2588 anima
1019 2525 1157 2607 corpori
1180 2526 1243 2590 deo

195 2626 344 2690 faciente
365 2627 401 2691 in
422 2627 496 2692 ictu
518 2626 608 2691 oculi
627 2627 831 2691 mirabiliter
852 2625 1036 2701 associata,
1050 2624 1141 2688 diem
1155 2625 1243 2689 iudi-

196 2726 308 2791 caturi
331 2727 388 2790 uel
413 2726 589 2791 iudicandi
617 2726 873 2809 praestolantur
901 2731 1104 2802 extremum,
1134 2733 1175 2790 ut
1196 2725 1244 2789 ibi

195 2827 272 2894 loco
303 2826 428 2891 celebri
466 2827 606 2891 domino
638 2834 758 2891 nostro
790 2826 895 2890 Ihesu
928 2824 1065 2889 Christo
1102 2824 1246 2908 eiusque

197 2927 356 3009 genitrici
380 2946 584 3010 semperque
615 2927 743 3008 uirgini
772 2926 908 2991 Mariae
930 2925 1100 3002 dedicato,
1127 2944 1248 2990 mona-

197 3027 280 3091 chos
296 3047 365 3090 non
385 3028 578 3093 saeculares
596 3027 657 3091 sed
673 3026 849 3108 regulares
863 3026 901 3090 in
924 3025 1083 3090 omnibns
1103 3032 1247 3090 sanctae

197 3127 337 3208 regulae
352 3129 627 3211 obtemperantes
643 3125 849 3209 praeceptis,
866 3125 1007 3190 licenter
1021 3125 1249 3191 constitueret

197 3226 359 3309 liscisque
374 3229 589 3292 naturalibus
606 3227 752 3291 deuotus
769 3225 1007 3309 locupletaret.
1073 3223 1158 3288 Eius
1180 3227 1247 3307 igi-

198 3334 255 3391 tur
270 3326 363 3390 uotis
380 3325 634 3409 applaudendo,
645 3326 869 3409 uoti-compos
882 3324 999 3403 animi,
1008 3331 1044 3388 et
1054 3323 1148 3406 quod
1161 3324 1248 3389 fides

197 3425 370 3490 catholica
392 3434 609 3508 poposcerat,
640 3427 824 3491 admodum
849 3426 959 3489 libens
984 3423 1250 3507 tripudiansque

199 3525 365 3598 concessi,
396 3525 598 3591 admiranda
624 3545 774 3609 namque
812 3525 885 3590 eius
919 3524 998 3589 fidei
1039 3526 1248 3589 constantia.

200 3624 294 3689 Nam
316 3624 377 3688 illo
399 3625 607 3709 intempore
629 3646 697 3709 quo
718 3626 894 3708 praefatus
919 3625 1018 3688 miles
1045 3624 1157 3687 sancti
1177 3625 1249 3708 spi-

198 3724 286 3789 ritus
313 3725 428 3804 gratia
459 3732 698 3808 compunctus,
724 3725 769 3790 ad
798 3725 972 3808 legitimos
1001 3723 1250 3788 monachorum

198 3844 295 3901 usus,
313 3822 357 3886 ad
371 3830 532 3890 aeternae
549 3826 642 3889 uitae
657 3826 802 3902 lucrum,
820 3824 884 3888 hoc
903 3830 1146 3888 construxerat
1169 3844 1249 3889 coe·

199 3925 351 4000 nobium,
366 3926 493 3990 caeteri
510 3926 638 4008 quique
657 3925 872 3990 infidelitatis
889 3944 1001 3990 naeuo
1018 3923 1160 4006 turpati,
1170 3924 1250 3990 loca

199 4031 322 4088 sancta
351 4023 569 4109 dissipantes,
600 4033 743 4089 sanctae
769 4025 945 4107 religionis
977 4023 1164 4088 monachos
1196 4025 1249 4088 in-

200 4124 303 4208 sipidi
328 4143 382 4188 me
408 4126 537 4211 impote
563 4125 778 4208 nolenteque,
808 4125 957 4190 infantili
984 4123 1107 4201 adbuc,
1137 4131 1177 4188 ut
1198 4124 1249 4189 ita
