2858 4890
470 345 645 397 casuras
672 348 1013 401 nncnosnxorucnu.
1197 341 1264 406 323

204 521 372 586 apparere
394 511 501 589 atque
522 508 722 571 conuersari
748 508 913 590 dignatus
936 518 1000 575 est.
1052 510 1154 590 Quod
1171 533 1263 596 mys·

204 603 326 667 terium
352 605 492 670 diabolo
518 607 553 669 in
585 614 719 671 tantum
747 608 937 683 celabatur,
961 618 1001 674 ut
1026 630 1103 674 eum
1131 613 1260 677 eisdem

202 704 314 768 modis
336 706 461 788 quibus
480 707 628 789 primum
653 715 891 790 prostrauerat
918 709 1088 774 bominem
1117 714 1259 794 aggredi

201 823 271 868 nen
303 803 485 884 diffideret,
514 814 700 871 autumans
731 828 769 872 se
803 816 839 872 et
870 810 983 891 ipsum
1014 812 1073 894 qui
1103 812 1187 876 deus
1223 815 1258 877 in

200 902 340 970 bomine
362 905 494 970 latebat
517 926 582 971 suo
603 927 706 990 posse
728 910 926 990 mancipare
946 911 1108 989 dominio,
1131 912 1192 976 sed
1214 916 1258 978 ab

199 1005 277 1088 ipso
302 1005 473 1089 tripbaria
498 1006 679 1071 confossus
704 1009 940 1091 responsione,
968 1012 1117 1075 abcessit
1146 1013 1258 1078 inanis

199 1112 236 1169 et
258 1125 394 1170 naeuus
416 1108 546 1171 inferos
571 1106 721 1189 petendo
748 1127 833 1172 suae
855 1110 1008 1173 tumidae
1031 1121 1257 1193 praeparatos

199 1204 451 1272 adiuuentioni.
519 1206 614 1271 Hinc
638 1209 716 1290 ipsa
749 1207 878 1271 ueritas
902 1208 1072 1273 hominem
1102 1212 1146 1275 ad
1172 1212 1256 1277 ima·

198 1302 315 1387 ginem
331 1315 367 1372 et
383 1305 642 1372 similitudinem
665 1307 720 1371 sui
737 1308 913 1372 conditum
936 1308 1134 1389 reformare,
1151 1321 1256 1396 atque

198 1407 242 1470 ab
270 1407 392 1472 hostili
423 1426 543 1471 eruere
574 1407 761 1489 disponens
791 1408 973 1491 tyrannide
1003 1411 1095 1474 uiam
1120 1413 1255 1494 patriae

196 1506 371 1584 coelestis,
388 1526 492 1591 quam
518 1507 616 1590 prius
643 1507 677 1571 in
705 1505 819 1573 Adam
846 1509 1055 1592 perdidimus
1078 1511 1113 1573 in
1140 1513 1255 1596 seipse

196 1607 461 1672 restaurandum
488 1607 593 1671 rectis
609 1607 712 1672 corde
730 1615 764 1672 et
780 1608 947 1690 paulatim
972 1610 1132 1675 intimare
1156 1632 1255 1677 cura-

197 1706 248 1771 uit
263 1708 317 1772 ita
338 1706 617 1790 dogmatizando,
631 1712 642 1741 ‘
655 1707 909 1772 Paenitentiam
938 1710 1043 1790 agite,
1067 1713 1252 1794 appropin-

196 1808 317 1888 quabit
350 1809 442 1872 enim
475 1827 619 1889 regnum
656 1808 854 1873 coelorum.’
910 1807 1131 1892 Rursumque
1162 1812 1253 1877 inter

196 1907 330 1991 reliqua
351 1926 436 1972 suae
454 1907 711 1972 ammonitionis
734 1908 873 1991 eloquia
889 1908 978 1973 lilios
997 1910 1172 1975 hominurn
1189 1912 1250 1975 bn-

195 2007 353 2072 militatis
381 2008 480 2092 sequi
506 2006 667 2072 bortatur
696 2009 846 2089 uestigia
874 2009 992 2072 taliter
1024 2011 1249 2092 proclamans,

195 2107 370 2173 ‘Honora
394 2115 529 2191 patrem
556 2115 653 2171 tuum
669 2115 704 2172 et
722 2115 866 2171 matrem
889 2116 997 2186 tuam,
1021 2116 1060 2173 ut
1082 2111 1129 2174 sis
1152 2110 1249 2194 long·

194 2225 302 2272 aeuus
318 2228 423 2291 super
440 2209 592 2272 terram?
622 2206 832 2271 Huiusmodi
850 2208 1030 2272 sententiis
1046 2211 1249 2277 multociens

193 2326 214 2369 a
237 2310 325 2372 meis
352 2308 589 2392 praemonitus
615 2308 842 2390 sapientibus,
865 2328 930 2389 ego
954 2308 1112 2373 AEbelred
1135 2315 1248 2393 gentis

192 2410 405 2488 gubernator
436 2407 654 2490 Angligenae
692 2408 866 2490 totiusque
896 2409 1029 2473 insulae
1067 2414 1249 2492 coregnlus

193 2508 416 2574 Britannicae
435 2515 471 2572 et
493 2514 707 2572 caeterarum
721 2508 911 2572 insularum
929 2509 963 2571 in
983 2510 1126 2575 circuitu
1153 2513 1247 2578 adia·

191 2610 354 2688 centium,
364 2608 536 2693 quoddam
555 2608 670 2672 nobile
686 2609 887 2672 coenobium
906 2629 983 2671 cum
1004 2611 1087 2675 nilla
1103 2613 1247 2676 circum·

191 2729 331 2792 quaque
349 2710 415 2774 sibi
431 2728 602 2785 connexa,
621 2707 760 2772 Christo
782 2709 981 2790 sanctisque
1003 2713 1159 2775 omnibus
1183 2713 1246 2776 bu-

191 2809 334 2875 millima
352 2810 457 2875 offero
475 2809 671 2885 deuotione,
688 2807 781 2890 quod
798 2808 960 2889 uulgares
983 2820 1107 2892 suapte
1124 2830 1145 2874 a
1161 2813 1245 2877 uici·

190 2911 300 2975 nitate
332 2909 439 2975 fontis
470 2916 518 2974 aet
539 2908 745 2974 Werewelle
776 2908 953 2991 appellare
982 2921 1245 2989 consueuerant,

189 3031 268 3075 cum
284 3009 416 3074 uillulis
430 3029 521 3092 quae
538 3008 595 3073 uel
617 3008 833 3091 praescripto
856 3009 1033 3074 arcisterio
1051 3009 1107 3073 uel
1129 3010 1243 3088 uillae,

189 3121 227 3177 ut
250 3110 498 3194 praediximus,
528 3109 709 3173 subiacent
736 3109 1012 3192 circumpositae,
1036 3129 1126 3190 quae
1160 3114 1244 3176 utri-

188 3211 429 3295 usque-portio
444 3217 519 3276 tota
536 3209 666 3292 pariter
681 3209 716 3272 in
734 3229 837 3272 unam
853 3208 999 3273 collecta
1014 3210 1243 3291 quantitatem

187 3312 223 3375 in
252 3331 291 3376 se
316 3311 472 3375 continet
495 3327 693 3374 mansarum
726 3309 961 3390 septuaginta,
988 3310 1068 3373 licet
1098 3309 1244 3377 diuersis

187 3411 355 3476 disiaeeat
375 3411 412 3473 in
436 3409 542 3484 locis;
569 3415 610 3472 ut
635 3409 681 3472 sit
709 3408 970 3490 praetitulatum
997 3412 1242 3475 monasterium

185 3531 264 3576 cnm
288 3510 447 3576 omnibus
472 3528 562 3591 qnae
585 3515 817 3591 suprataxato
839 3516 922 3572 sunt
941 3507 984 3571 ad
1001 3528 1039 3572 se
1055 3510 1122 3575 rite
1136 3514 1243 3594 perti-

185 3599 348 3677 nentibus
362 3609 456 3674 omni
473 3608 638 3671 mundiali
660 3608 743 3689 iugo
765 3607 986 3671 liberrimum.
1040 3608 1086 3674 Et
1100 3609 1166 3674 hoc
1182 3612 1242 3675 de·

185 3719 268 3777 note
292 3711 367 3794 ipse
389 3707 541 3773 omnium
562 3708 721 3789 largitori
743 3707 910 3771 bonorum
927 3708 1038 3790 optuli
1054 3729 1116 3792 pro
1133 3730 1241 3777 reme-

183 3811 242 3877 dio
270 3812 406 3874 animae
430 3808 541 3891 patris
569 3808 636 3871 mei
653 3806 804 3888 Eadgari
832 3814 867 3871 et
889 3808 1010 3871 matris
1040 3828 1136 3873 meae
1148 3811 1240 3879 AElf·

182 3911 270 3998 bry’d
287 3911 474 3982 uocitatae‚
499 3908 591 3991 quod
618 3907 695 3991 ipsa
717 3906 797 3969 dum
824 3907 914 3970 uixit
938 3909 1092 3990 possedit
1109 3917 1144 3973 et
1167 3912 1240 3992 iugi

148 4044 153 4056 ·
182 4020 345 4078 extruere
375 4026 541 4092 aggressa
573 4015 627 4072 est
656 4006 845 4087 diligentia.
898 4007 1107 4071 Existimaui
1135 4010 1239 4074 etiam

182 4133 238 4178 me
252 4111 457 4196 participem
484 4107 557 4172 sore
582 4105 817 4171 retributionis
841 4112 1003 4171 aeternae
1024 4108 1060 4172 in
1082 4109 1239 4174 elemosi-

1033 4216 1050 4250 γ
1062 4207 1078 4252 2
