2858 4890
438 362 614 412 uniaris
635 362 984 415 ancnosaxonronn.
1196 350 1241 417 63

182 520 295 585 omnis
307 520 583 587 emendationem
593 528 711 585 reatus
725 522 934 603 specialiter,
946 524 1236 587 communionem-

182 640 251 704 que
283 623 320 686 iu
345 623 466 687 eadem
491 643 529 687 re
553 629 657 686 extra
680 621 831 686 insulam
857 631 1026 706 quantum
1054 624 1099 688 ad
1125 625 1237 688 noctis

182 729 322 804 pastum
343 723 496 806 regalem
516 723 592 786 iure
614 723 785 804 pertinere
806 732 967 787 censetur
985 725 1100 801 uniuS,
1115 725 1237 787 adiun-

184 842 266 903 gere
294 823 444 888 decreui.
496 822 550 887 Sit
573 822 681 904 igitur
709 823 795 887 haec
818 830 988 888 terrarum
1012 826 1236 889 commutatio

184 929 328 987 aeterna
355 924 517 988 libertate
548 923 716 987 radicitus
746 923 962 1002 confirmata,
991 931 1031 988 ut
1057 925 1235 1007 praefatus

184 1042 248 1087 rex
272 1024 415 1106 Eadgar
434 1023 627 1105 Hertingas
653 1043 731 1087 cum
751 1024 910 1088 omnibus
933 1024 1140 1089 utensilibus
1163 1027 1237 1089 iure

184 1124 362 1207 possideat
390 1131 572 1208 perpetuo,
599 1131 705 1208 atque
723 1124 958 1189 AEbelwoldus
987 1126 1127 1207 praesul
1156 1126 1237 1208 Elig

185 1245 264 1289 cum
280 1226 442 1289 omnibus
457 1225 524 1289 sibi
545 1224 710 1289 subiectis
735 1234 806 1289 tam
830 1226 866 1288 in
891 1226 1095 1290 delictorum
1121 1246 1237 1290 emen-

184 1326 337 1404 datione,
368 1346 474 1409 quam
506 1327 543 1389 in
575 1327 721 1390 caeteris
760 1328 862 1390 rebus
897 1326 972 1391 uita
1004 1328 1129 1391 comite
1158 1348 1235 1391 curn

186 1426 318 1492 christi
344 1426 544 1509 perfruatur
574 1426 824 1503 benedictione,
847 1426 1014 1510 finitoque
1045 1430 1237 1510 praesentis

183 1528 279 1592 uitae
295 1527 443 1592 termino
457 1528 721 1610 quibuscunque
737 1526 887 1592 uoluerit
903 1527 1107 1592 haeredibus
1124 1536 1236 1593 aeter-

183 1628 312 1693 naliter
335 1628 380 1693 ad
403 1626 660 1711 perfruendum,
690 1627 766 1692 uoti
796 1647 948 1710 compos,
978 1628 1147 1711 designet.
1199 1630 1236 1693 Si

184 1730 264 1813 quis
280 1735 398 1793 autem
414 1728 505 1793 hanc
519 1735 674 1793 nostram
693 1728 915 1793 donationem
929 1749 1146 1812 quocumque
1162 1750 1235 1793 mo-

183 1830 303 1894 limine
319 1830 357 1894 in
373 1829 469 1893 aliud
484 1849 589 1912 quam
612 1829 854 1893 constituimus
872 1829 1058 1893 transferre
1073 1831 1235 1907 uoluerit,

184 1931 343 2013 priuatus
358 1930 533 1995 consortio
555 1936 697 1993 sanctae
718 1930 774 1993 dei
799 1929 987 1993 aecclesiae
1012 1931 1132 1993 uiuum
1156 1950 1235 1993 eum

185 2038 279 2096 terra
295 2031 452 2096 dehiscat
476 2038 582 2113 atquc
602 2030 751 2093 aeternis
773 2029 927 2093 barathri
944 2031 1113 2094 incendiis
1133 2030 1236 2112 lugu·

185 2132 256 2196 bris
271 2132 400 2215 iugiter
416 2150 495 2195 cum
511 2130 613 2208 Iuda,
629 2130 759 2195 Christi
782 2131 969 2212 proditore,
983 2131 1126 2215 eiusque
1141 2151 1235 2195 com-

184 2233 333 2317 plicibus
361 2233 540 2317 puniatur,
575 2231 607 2295 si
634 2251 704 2295 non
730 2231 969 2295 satisfactione
1000 2232 1237 2298 emendaucrit

183 2352 339 2416 congrua
375 2332 469 2416 quod
507 2338 630 2397 contra
671 2340 827 2398 nostrum
870 2331 1014 2415 deliquit
1047 2333 1235 2399 decretum.

183 2432 291 2499 Anno
312 2433 506 2498 dominicae
528 2434 777 2498 incarnationis
800 2449 1023 2496 ‚nccccuxm
1047 2434 1236 2498 indictione

186 2551 282 2601 .11111.
292 2554 384 2600 anno
397 2534 496 2617 regni
511 2534 567 2598 sui
582 2550 677 2598 .x111.
687 2534 723 2598 in
739 2533 895 2616 paschali
912 2541 1086 2598 conuentu
1102 2535 1138 2598 in
1150 2536 1237 2599 uilla

182 2636 294 2719 regali
316 2654 408 2719 quae
428 2634 627 2700 Wluemere
648 2642 731 2699 noto
757 2641 905 2699 uocatur
928 2635 1078 2711 nominc,
1105 2636 1236 2718 scripta

183 2744 239 2803 est
252 2737 339 2801 haec
355 2736 504 2814 cartula,
520 2736 587 2799 hiis
608 2736 755 2800 testibus
778 2735 1071 2799 consentientibus
1088 2756 1234 2819 quorum

180 2838 325 2903 inferius
338 2837 481 2901 nomina
496 2844 718 2901 caraxantur.

234 2938 313 3021 Ego
342 2938 525 3020 Eadgarus
554 2956 618 3001 rex
647 2935 842 3018 Anglorum
871 2936 1025 2999 concessi
1041 2938 1096 3016 ᾖ.
1158 2936 1234 3019 Ego

183 3040 349 3105 Dunstan
373 3038 651 3121 archiepiscopus
678 3036 900 3101 corroboraui
916 3039 972 3117 ᾖ.
1024 3037 1101 3118 Ego
1125 3035 1235 3121 Oscy-

183 3142 232 3206 tel
246 3141 432 3226 episcopus
449 3139 663 3204 consolidaui
681 3140 737 3221 ᾧ.
791 3137 868 3219 Ego
885 3135 1077 3201 AEbclwold
1098 3137 1232 3219 episco-

181 3261 248 3325 pus
274 3241 478 3307 confirmaui
494 3242 549 3323 ᾧ.
602 3240 679 3322 Ego
710 3238 863 3302 AElfstan
886 3239 1069 3320 episcopus
1096 3239 1233 3320 consig-

182 3344 265 3408 naui
280 3346 337 3427 ᾧ.
390 3342 468 3423 Ego
493 3340 601 3406 Osuls
622 3342 804 3424 episcopus
831 3338 1033 3403 confirmaui
1047 3340 1103 3418 ᾖ.
1157 3339 1233 3421 Ego

180 3442 309 3510 Wlfric
325 3443 510 3527 episcopus
532 3442 694 3525 adquieui
709 3443 765 3524 »1«.
819 3440 896 3522 Ego
912 3437 1079 3521 Wensige
1099 3442 1234 3524 cpisco-

181 3565 247 3630 pus
268 3543 490 3611 corroboraui
506 3545 562 3626 ᾧ.
614 3541 690 3623 Ego
709 3539 874 3604 AElfwold
901 3541 1083 3623 episcopus
1109 3542 1233 3606 confir-

182 3646 278 3712 maui
293 3648 349 3729 ᾧ.
403 3644 480 3727 Ego
500 3641 642 3707 Oswold
665 3641 847 3723 episcopus
873 3640 1034 3724 adquieui
1047 3644 1103 3722 »1«.
1156 3643 1233 3725 Ego

182 3746 353 3811 Brihtelm
375 3744 558 3826 episcopus
579 3742 780 3807 confirmaui
798 3744 851 3822 ᾖ.
905 3741 981 3822 Ego
999 3740 1134 3805 AEdclm
1158 3744 1231 3825 epi-

180 3866 307 3932 scopus
323 3844 528 3927 consiguaui
543 3846 598 3927 ᾧ.
651 3843 729 3925 Ego
742 3842 865 3906 AElfric
882 3842 1065 3924 episcopus
1082 3844 1234 3908 consoli-

182 3948 265 4013 daui
280 3949 338 4031 ᾖ.
391 3946 469 4030 Ego
483 3944 620 4029 Wlsige
635 3945 818 4028 episcopus
833 3944 1056 4007 corroboraui
1071 3946 1127 4027 ᾧ.
