2858 4890
179 337 245 403 354
437 358 610 407 curaris
637 355 980 404 ancnossxourcrn.

183 514 332 579 donatus
349 524 403 580 est
417 517 572 594 arbitrio,
589 524 629 580 ut
644 516 674 580 si
690 536 758 580 non
774 524 932 598 peccaret
949 515 1022 578 sine
1037 510 1244 577 difficultate

185 615 305 680 mortis
320 617 559 699 inperpetuum
575 616 795 700 perduraret;
825 623 861 679 at
881 622 1067 698 postquam
1081 612 1245 696 peccauit

185 715 332 796 lugubre
347 718 389 780 ad
408 718 550 781 exilium
565 718 607 780 de
627 716 785 779 Paradisi
802 716 1010 779 amoenitate
1028 720 1082 777 est
1098 712 1244 787 eiectus,

184 815 286 878 huius
303 816 490 881 turbulenti
507 816 671 881 foeditate
689 814 1033 896 mundi,demumque
1049 820 1128 896 post
1147 813 1247 877 labo·

184 916 277 979 riosa
294 918 482 980 certamina
496 936 641 999 poenam
664 916 785 980 mortis
800 916 954 979 incurrit.
997 913 1070 991 Set,
1087 912 1245 993 unigeni-

185 1021 241 1079 tus
274 1015 327 1079 dei
358 1016 449 1079 filius
484 1036 545 1097 per
574 1015 780 1080 ineffabilem
809 1035 908 1078 suam
941 1013 1160 1079 clementiam
1193 1013 1246 1075 illi

186 1115 289 1176 immo
309 1117 401 1179 omni
423 1116 573 1179 humano
599 1117 716 1198 generi
735 1115 901 1198 pepercit,
921 1121 957 1178 et
982 1135 1044 1197 per
1066 1131 1164 1177 suem
1192 1114 1246 1176 in·

187 1215 431 1292 camationem,
455 1216 661 1298 passionem,
683 1215 1038 1296 resurrectionemque
1069 1213 1248 1290 subuenit,

187 1322 226 1377 ut
243 1313 359 1378 fideles
380 1316 508 1397 quique
530 1314 592 1378 filii
609 1316 663 1379 dei
679 1322 899 1392 uocarentur,
915 1321 951 1378 et
967 1315 1040 1377 sine
1060 1313 1128 1376 fine
1145 1313 1248 1394 regni

188 1413 361 1477 coelorum
391 1414 598 1479 cohaeredes
626 1415 698 1478 fore
725 1421 948 1478 mererentur.
1019 1414 1249 1495 Quapropter

189 1532 255 1594 ego
281 1513 500 1591 AEaelreduS,
526 1514 665 1578 fauente
688 1514 932 1596 omnipotentis
965 1512 1020 1577 dei
1051 1513 1249 1590 clementia,

189 1633 251 1676 rex
275 1612 480 1695 Anglorum,
509 1621 792 1696 caeterarumque
817 1613 854 1676 in
883 1614 1029 1678 circuitu
1055 1613 1249 1695 persisten-

189 1713 279 1776 cium
306 1720 419 1778 rector
448 1733 489 1778 ac
515 1715 725 1796 gubernator
754 1713 920 1795 gentium,
946 1719 986 1777 ut
1011 1712 1112 1776 buius
1143 1732 1248 1795 prae-

189 1813 339 1894 scriptae
361 1814 584 1879 haereditatis
605 1815 779 1898 particeps
798 1833 873 1878 esse
889 1832 1033 1890 merear,
1048 1812 1149 1876 nnius
1164 1833 1251 1876 con-

190 1911 275 1976 cedo
292 1915 476 1979 stationem
500 1914 601 1978 nauis
618 1921 654 1978 et
669 1914 781 1979 tocius
803 1913 1015 1978 mercimonii
1037 1912 1250 1978 conductum

190 2014 337 2095 quaein
362 2033 403 2078 ea
428 2014 662 2096 perducuntur
683 2016 918 2096 tributumque
947 2013 1098 2097 persolui
1125 2012 1250 2079 libenti

190 2132 304 2178 annuo
320 2113 443 2189 animo,
460 2114 503 2178 ad
527 2115 651 2178 curtim
676 2115 772 2178 illam
788 2115 824 2178 in
845 2116 929 2178 urbe
945 2112 1125 2178 Londonia
1141 2114 1250 2178 sitam

191 2232 294 2295 super
320 2215 431 2296 ripam
450 2215 649 2278 Thamisiae
678 2214 826 2279 fluminis
854 2215 888 2278 in
912 2213 1116 2278 occidentali
1145 2222 1250 2296 parte

191 2314 286 2376 urbis
317 2314 427 2395 ipsius
456 2322 577 2379 contra
602 2322 758 2378 austrum
793 2334 940 2397 uergens
968 2333 1077 2397 prope
1106 2321 1250 2396 portum

192 2413 285 2494 quod
302 2413 369 2494 ipsi
387 2414 509 2478 urbani
523 2414 695 2478 Fischu’ae
713 2422 850 2492 uocant,
862 2415 897 2478 id
912 2421 977 2491 est,
994 2421 1115 2496 portus
1131 2413 1248 2495 piscis,

192 2511 308 2589 Quam
341 2514 464 2577 curtim
487 2517 667 2596 presbyter
697 2534 793 2578 meus
821 2515 1008 2598 quondam,
1038 2514 1250 2579 uocitamine

192 2611 357 2688 Wlsstan‚
388 2613 430 2676 ad
460 2615 705 2679 monasterium
736 2615 847 2678 sancti
871 2613 968 2678 Petri
993 2614 1036 2676 de
1060 2612 1251 2697 Certeseya

193 2711 329 2775 nomine
346 2712 541 2778 dedicatum
560 2715 624 2778 sub
648 2721 855 2779 testamento
872 2714 964 2778 illius
981 2714 1135 2778 ciuitatis
1154 2715 1251 2779 dedit

194 2813 404 2894 primatuum
439 2814 532 2896 quod
564 2814 697 2878 famosa
737 2815 828 2896 apud
858 2812 990 2896 Anglos
1021 2812 1252 2899 Georeteseye

194 2921 412 2996 nuncupatur
444 2915 575 2996 lingua,
608 2915 668 2978 ubi
693 2915 729 2977 in
761 2915 880 2979 ordine
914 2914 1142 2979 monachatus
1175 2915 1249 2997 ipse

193 3011 347 3077 Wlfstan
370 3015 477 3078 uitam
497 3033 584 3078 sana
607 3021 721 3078 mente
735 3015 939 3097 integroque
957 3014 1084 3079 famine
1100 3015 1176 3079 uita
1192 3015 1251 3079 de-

195 3113 309 3177 cessit.
363 3113 580 3180 Auctoritate
605 3134 687 3196 ergo
715 3135 792 3179 mea
816 3115 909 3178 illius
930 3115 1038 3178 curtis
1068 3120 1104 3177 et
1132 3116 1250 3179 omnia

195 3211 240 3274 ad
259 3211 343 3277 illud
365 3214 559 3295 praefatum
576 3215 820 3279 monasterium
844 3215 1052 3297 pertinentia
1074 3214 1109 3276 in
1136 3221 1249 3279 aeter-

195 3329 275 3373 nam
303 3312 496 3378 libertatem
525 3313 645 3378 libenti
673 3315 788 3378 animo
818 3314 1038 3378 aeternaliter
1067 3313 1181 3391 trado,
1212 3324 1250 3379 ut

196 3428 259 3493 pro
283 3413 434 3492 peccatis
454 3414 538 3478 meis
554 3414 602 3477 ibi
618 3413 781 3494 degentes
798 3412 1000 3496 suppliciter
1014 3414 1116 3477 deum
1142 3413 1248 3479 inter·

195 3509 316 3573 cedere
340 3531 407 3575 non
431 3511 611 3576 desistant.
665 3513 766 3577 Haec
789 3512 893 3577 etiam
911 3514 947 3576 in
964 3514 1033 3577 ista
1053 3512 1249 3578 donationis

195 3628 292 3673 meae
308 3611 442 3674 cartula
464 3619 535 3675 tam
553 3633 641 3689 meo,
657 3632 761 3694 quam
781 3613 987 3695 optimatum
1011 3631 1166 3676 meorum
1193 3613 1248 3677 de

196 3715 290 3772 creto
325 3707 450 3772 addere
481 3711 566 3773 iussi
605 3719 640 3776 et
668 3713 881 3789 confirmare,
913 3719 952 3776 ut
978 3712 1008 3776 si
1034 3711 1247 3793 inposterum

196 3808 370 3890 quaelibet
408 3829 556 3891 persona
596 3813 782 3892 superioris
819 3810 1034 3875 inferiorisue
1069 3811 1248 3892 dignitatis

196 3916 317 3972 contra
341 3928 451 3972 meam
481 3909 570 3973 hanc
604 3911 896 3976 confirmationem
923 3912 1101 3993 antiquum
1133 3919 1248 3994 protu-

195 4007 274 4071 lerit
303 4015 546 4072 testamentum
574 4011 609 4072 in
634 4010 763 4076 Christi
786 4011 983 4076 testimonio
1014 4008 1187 4075 adnullari
1215 4019 1248 4075 et

195 4107 239 4170 ad
265 4108 428 4172 nichilum
458 4111 650 4192 computari
675 4111 833 4176 decerno.
886 4111 963 4175 Sint
984 4118 1101 4175 autem
1129 4131 1248 4194 snpra-
