2858 4890
444 371 618 421 onsarsn
639 370 982 421 succosuorucsn.
1172 359 1240 425 307

187 527 320 609 cogito3
341 533 454 593 totum
467 544 560 593 nnnc
574 547 692 593 eoram
706 528 784 606 deo,
806 547 885 593 cum
900 527 1006 592 flebili
1021 527 1137 592 cordis
1151 544 1235 591 con·

186 627 323 692 uitione
344 628 519 711 poeniteo,
542 636 579 695 et
604 647 763 713 quaeque
787 636 986 712 opportuna
1015 628 1061 692 ad
1088 626 1241 692 eundem

184 728 295 792 loonm
325 729 536 811 pertinentia
563 729 710 795 libenter
743 737 912 806 restauro,
939 747 1084 812 sperans
1119 729 1235 811 poeni·

184 829 313 893 tentiae
340 848 437 894 meae
459 829 620 895 lacrimas
646 829 787 913 suscipi,
815 837 851 895 et
873 830 997 913 prioris
1018 829 1238 911 ignorantiae

183 928 327 993 uincula
341 929 433 994 solui
446 930 492 995 ab
506 950 563 1008 eo,
580 929 672 1009 ‘Qui
691 951 762 995 non
778 930 855 994 uult
871 939 1016 995 mortem
1033 930 1237 1012 peccatoris,

183 1027 242 1093 sed
272 1036 315 1094 ut
338 1031 450 1112 magis
475 1038 700 1095 conuertatur
723 1038 760 1095 et
789 1030 919 1104 uiuat3’
949 1029 1092 1095 credens
1120 1049 1175 1093 me
1202 1038 1239 1093 et

182 1129 334 1211 gratiam
356 1128 513 1195 inuenire
533 1131 570 1195 in
590 1139 778 1214 conspectu
803 1131 963 1213 apostoli,
979 1130 1092 1213 quiin
1109 1129 1239 1212 populo

182 1248 247 1295 suo
276 1229 480 1295 mitissimus
517 1231 693 1314 apparuit,
724 1238 762 1296 et
794 1250 858 1314 pro
883 1230 1163 1312 crucifigentibus
1201 1248 1241 1293 se

183 1330 358 1394 exorauit.
410 1330 457 1395 Et
472 1337 513 1394 ut
527 1338 603 1396 toto
618 1331 723 1395 corde
739 1331 933 1414 praefatum
950 1350 1009 1394 rus
1024 1329 1069 1395 ad
1087 1329 1238 1394 aeccles-

184 1431 254 1495 iam
283 1429 437 1495 eusdem
464 1431 559 1496 beati
591 1431 742 1514 apostoli
774 1451 829 1495 me
856 1432 1039 1496 restituere
1071 1430 1240 1495 ueraciter

183 1531 426 1613 approbarem,
453 1529 520 1595 boc
559 1531 787 1596 restitutionis
820 1538 1067 1595 testamentum
1097 1537 1241 1594 sanctae

185 1638 222 1695 et
235 1629 436 1695 indiuiduae
458 1630 606 1696 trinitati
627 1632 777 1696 scribere
793 1631 960 1709 concessi,
977 1639 1013 1695 et
1034 1649 1138 1693 manu
1163 1650 1241 1693 mea

186 1729 359 1796 Godwino
383 1730 561 1813 praefatae
583 1732 772 1796 aecclesiae
792 1732 941 1796 antistiti
962 1730 1067 1795 michi
1090 1737 1164 1794 tota
1184 1729 1240 1793 de·

186 1830 327 1896 notione
349 1830 444 1895 fideli
464 1831 501 1895 in
523 1838 697 1897 conuentu
712 1833 910 1914 praesentia
925 1831 1131 1914 optimatum
1147 1849 1242 1893 meo·

186 1951 262 1996 rum
298 1930 437 2008 tradidi,
464 1950 544 1995 cum
576 1931 716 1996 diuinae
746 1931 936 1997 maiestatis
973 1929 1180 1994 auctoritate
1207 1938 1244 1993 et

185 2052 266 2096 mea
280 2031 509 2114 praecipiens,
526 2038 566 2095 ut
586 2031 703 2095 nullus
733 2050 970 2096 successorum
995 2049 1160 2106 meomm,
1183 2030 1243 2112 qui

187 2139 269 2216 post
290 2150 346 2195 me
370 2129 549 2214 regnaturi
576 2132 722 2195 suntin
749 2139 853 2214 gente
869 2130 1075 2212 Anglorum,
1091 2130 1152 2193 sed
1179 2148 1243 2193 nec

188 2233 260 2297 ulla
295 2232 368 2297 alia
395 2231 580 2296 cuiuslibet
606 2230 739 2296 altioris
773 2239 834 2296 aut
859 2231 1030 2295 inferioris
1062 2230 1244 2312 dignitatis

187 2350 348 2416 persona,
373 2330 463 2395 hanc
491 2331 650 2397 tellurem
679 2331 861 2396 occasione
895 2331 1050 2414 qnalibet
1080 2330 1244 2395 inuadere

186 2439 398 2516 praesumat,
424 2431 486 2496 sed
513 2451 649 2514 semper
680 2432 904 2515 imposterum
940 2432 1052 2512 portio
1086 2431 1165 2513 ipsa
1198 2429 1243 2493 ad

188 2553 290 2599 usum
312 2531 500 2615 'praefatae
526 2531 735 2614 episcopalis
762 2531 854 2596 sedis
875 2531 1029 2614 episcopi
1060 2531 1120 2614 qui
1153 2550 1245 2594 nunc

189 2653 267 2698 eam
296 2633 399 2715 regit,
424 2639 461 2697 et
486 2631 550 2696 hoc
572 2632 807 2697 renouationis
834 2638 1080 2696 testamentum
1107 2651 1161 2694 me
1183 2631 1245 2695 do·

191 2742 297 2798 nante
322 2732 535 2816 impetrauit,
556 2739 592 2797 et
620 2732 772 2797 omnium
798 2733 859 2815 qui
886 2733 919 2795 ei
942 2732 980 2795 in
1008 2733 1245 2814 episcopatum

189 2833 383 2898 'successuri
402 2839 498 2910 sunt,
513 2834 559 2897 ab
573 2834 667 2897 omni
690 2841 827 2897 terrena
847 2831 1015 2896 seruitute
1036 2850 1116 2894 cum
1137 2831 1246 2894 omni·

190 2936 255 2999 bus
274 2932 322 2998 ad
347 2951 388 2997 se
411 2933 478 2998 rite
500 2933 752 3015 pertinentibus
772 2932 881 2996 libera
902 2937 1115 3014 permaneat,
1137 2930 1246 2992 tribus

193 3033 362 3117 exceptis,
378 3040 457 3098 rata
475 3032 707 3116 expeditione,
724 3033 840 3115 pontis
859 3032 994 3096 arcane
1017 3029 1247 3112 reparatione.

193 3134 231 3201 Si
254 3134 334 3218 quis
355 3133 463 3214 igitur
479 3132 569 3197 hanc
588 3132 740 3196 diuinam
762 3132 893 3215 pariter
909 3139 945 3195 et
963 3150 1075 3194 meam
1095 3128 1247 3192 auctori·

193 3241 302 3299 tatem
315 3233 449 3297 facibus
466 3231 639 3297 auariciae
657 3242 834 3309 aestuans,
844 3239 907 3295 ant
923 3229 1142 3312 arrogantiae
1153 3227 1247 3292 fastu

194 3334 348 3399 tumidus
376 3333 548 3397 inmutare
580 3332 862 3415 praesumpserit,
895 3339 1055 3395 aeternae
1088 3328 1250 3392 maledic-

195 3434 283 3501 tioni
303 3433 498 3510 subiaceat,
524 3438 559 3495 et
581 3452 658 3496 cum
681 3431 820 3496 diabolo
838 3439 874 3496 et
890 3431 1023 3512 angelis
1046 3430 1121 3493 eius
1142 3429 1178 3491 in
1199 3428 1249 3491 in·

194 3534 294 3600 ferne
310 3534 386 3598 sine
408 3533 475 3598 fine
497 3532 682 3596 damnatus
699 3532 860 3609 intereat,
872 3532 939 3595 nisi
955 3531 1058 3612 digne
1075 3528 1252 3612 poeniteat

196 3633 291 3719 qnod
319 3634 439 3716 iniqua
461 3632 743 3715 praesumptione
767 3630 922 3714 deliquit.
989 3630 1058 3693 His
1084 3629 1251 3693 limitibus

195 3736 287 3801 idem
310 3752 375 3805 rus
403 3732 483 3797 binc
510 3731 591 3796 inde
616 3739 773 3815 gyratur,
795 3739 862 3795 etc.
925 3729 1030 3794 Auno
1059 3728 1253 3793 dominicae

195 3834 446 3901 incarnationis
471 3847 737 3897 ‚occecxcvna
759 3830 947 3895 indictione
971 3846 1037 3894 ‚xa
1057 3835 1253 3892 recurrente

197 3955 314 4003 annua
330 3933 463 4017 pascali
479 3932 698 4009 solennitate,
716 3951 786 4013 qua
801 3950 903 3994 uerus
925 3949 1037 4011 agnus
1055 3947 1117 4012 pro
1135 3934 1255 3990 nostra

198 4037 351 4102 omnium
369 4032 604 4115 redemptione
620 4031 831 4108 immolatus
846 4030 1023 4094 destructo
1047 4026 1169 4091 mortis
1189 4025 1254 4088 im·

198 4136 295 4220 perio
312 4131 514 4210 resurrexit,
532 4139 568 4196 et
585 4130 804 4196 credentibus
827 4150 936 4212 regna
958 4128 1131 4194 coelorum
1156 4131 1255 4207 patc-

1065 4250 1082 4285 x
1100 4241 1115 4286 2
