2858 4890
379 349 552 398 casuras
575 351 916 402 succosrxomcas.
1111 342 1171 404 161

126 509 281 574 AElshere
298 509 395 572 ducis
413 509 632 585 Merciorum,
653 511 712 572 uni
729 509 821 573 fideli
842 532 930 588 meo,
951 514 1010 594 qui
1029 533 1050 575 a
1068 534 1172 595 gnos-

126 612 200 675 ticis
233 616 317 673 noto
348 607 527 673 AEbelstan
556 617 777 691 nuncupatur
808 613 993 688 uocabulo,
1023 614 1067 676 ob
1097 615 1171 677 eius

123 710 222 774 fidele
252 711 466 792 obsequium,
497 710 670 791 quandam
700 711 789 772 ruris
821 712 1038 792 particulam,
1067 732 1171 777 unam

122 810 284 874 uidelicet
309 828 464 872 mansam
497 809 589 890 quod
619 809 723 872 solito
756 812 931 874 uocitatur
958 813 1096 875 nomine
1124 823 1171 877 aet

123 910 395 990 Intanbeorgan,
416 928 495 971 eum
514 911 673 973 omnibus
700 909 743 971 ad
771 911 894 973 serite
918 912 1171 991 pertinentibus

122 1010 311 1073 liberaliter
327 1009 479 1073 concessi
493 1029 502 1088 ;
525 1017 566 1072 ut
582 1010 669 1090 ipse,
686 1009 761 1070 uita
777 1010 914 1085 comite,
928 1011 1075 1075 fideliter
1093 1033 1170 1094 per-

122 1110 269 1185 fruatur,
292 1117 328 1173 et
342 1116 422 1192 post
438 1109 532 1172 uitae
555 1128 639 1171 suae
666 1109 849 1171 terminum
880 1109 1013 1173 duobus
1044 1113 1170 1193 quibus

122 1209 272 1273 uoluerit
309 1209 512 1273 cleronomis
549 1208 789 1290 derelinquat;
826 1209 952 1290 quibus
986 1212 1093 1274 etiam
1124 1233 1169 1276 ex

122 1310 187 1372 hac
203 1310 279 1372 uita
294 1308 464 1390 migratis,
482 1327 541 1371 rus
557 1308 770 1390 praedictum
787 1327 865 1370 cum
888 1310 1046 1373 omnibus
1070 1321 1170 1375 uten-

123 1411 245 1472 silibus
273 1409 317 1472 ad
345 1428 445 1472 usum
472 1409 628 1490 primatis
657 1406 844 1471 aecclesiae
868 1408 922 1471 dei
945 1410 980 1471 in
1005 1409 1171 1492 Wiogur-

124 1514 282 1573 nacestre
296 1509 500 1573 restituatur
514 1509 676 1571 immune.

178 1607 374 1690 ›1⁴0swald
401 1607 690 1690 archiepiscopus
747 1607 963 1691 ›11Wynsige
979 1612 1170 1692 presbyter.

129 1712 167 1791 »14
182 1706 332 1772 Wulfric
347 1709 537 1791 presbyter.
604 1709 644 1789 »14
658 1706 762 1770 Wuls
764 1708 851 1771 heah
875 1710 1063 1792 presbyter.
1126 1712 1166 1792 »14

125 1808 304 1871 AEbelstan
321 1809 511 1891 presbyter.
556 1809 596 1889 »14
614 1807 761 1888 AElssige
777 1811 966 1892 presbyter.
1025 1812 1063 1891 »14
1080 1810 1171 1873 Ead-

125 1930 188 1991 gar
218 1910 408 1991 presbyter.
473 1908 512 1988 »14
527 1907 665 1971 Wislan
679 1910 868 1991 presbyter.
942 1911 980 1990 »14
1000 1909 1172 1973 Eadward

125 2009 314 2092 presbyter.
372 2010 411 2090 »14
432 2006 568 2088 AElfgar
584 2007 760 2071 diaconus.
818 2011 856 2090 »14
880 2008 1039 2090 Godingc
1055 2009 1171 2072 ‹liaco-

125 2129 200 2173 nus.
258 2107 494 2191 ›11Leosestarr
515 2108 691 2171 diaconus.
743 2111 781 2190 »14
800 2106 975 2189 AEbelsige
993 2109 1171 2173 diaconus

130 2213 168 2292 »14
183 2208 398 2274 Wulsweard
420 2208 594 2272 diaconus.
652 2210 692 2290 »14
709 2207 905 2290 Kyne'eerrg
920 2209 1074 2272 clericus.
1127 2212 1167 2292 »14

127 2309 302 2373 Leoswine
316 2309 472 2372 clericus.
530 2307 753 2388 ›1⁴Brihstan
784 2308 939 2372 clericus,
998 2311 1036 2390 »14
1057 2310 1172 2372 Wuls-

125 2411 194 2472 hun
223 2408 379 2472 clericus.
451 2410 489 2489 »14
511 2406 673 2488 Wulfgar
699 2408 855 2471 clericus.
928 2411 968 2491 »14
996 2409 1172 2492 Cynestan

123 2509 280 2574 clericus.
330 2510 369 2590 »14
385 2508 550 2571 Eadwine
565 2507 721 2571 clericus.
767 2509 805 2588 »14
822 2507 996 2589 Wyrrstan
1015 2510 1171 2573 clericus

128 2612 168 2692 »14
184 2608 324 2672 AElfnob
340 2608 494 2672 clericus.
546 2609 584 2688 »14
600 2606 769 2672 Wulsno'6
786 2608 939 2672 clericus.
996 2612 1034 2691 »14
1053 2609 1172 2674 AE’oel-

122 2712 171 2773 ric
194 2708 350 2774 clericus·

590 2794 711 2808 ἦ

562 2908 740 2974 ocxrv.

496 3029 717 3136 bswaru,
738 3059 815 3123 977.

180 3206 349 3290 »14ΑΝΝο
382 3207 575 3272 dominicae
606 3209 854 3272 incarnationis
888 3225 1171 3271 ,oceccmxxvra

125 3308 203 3389 Ego
221 3307 391 3384 Osuuald,
410 3309 550 3389 superni
572 3310 715 3372 rectoris
739 3308 846 3373 fultus
869 3310 1042 3371 iuuamine
1061 3309 1172 3371 archi·

125 3409 276 3489 praesul,
302 3428 382 3472 cum
404 3407 544 3472 lieentia
572 3407 770 3471 Eaduuardi
798 3410 889 3490 regis
913 3407 1105 3489 Anglorum
1131 3428 1172 3471 ac

126 3508 285 3571 AElfhere
300 3508 396 3571 ducis
416 3507 636 3584 Marciorum,
652 3509 712 3571 uni
734 3509 826 3571 fideli
845 3528 935 3584 meo,
954 3509 1013 3590 qui
1030 3528 1051 3570 a
1067 3528 1172 3588 gnos-

127 3608 203 3671 ticis
226 3615 308 3672 noto
332 3607 559 3671 AElfuucardo
582 3616 801 3690 nuncupatur
827 3608 1009 3681 uocabulo,
1033 3609 1076 3670 ob
1099 3608 1173 3670 eius

128 3707 227 3770 fidele
251 3709 465 3790 obsequium,
480 3707 654 3790 quandam
679 3709 768 3771 ruris
786 3707 1003 3790 particulam,
1019 3708 1171 3790 quinque

127 3808 288 3871 uidelicet
315 3827 455 3871 mansas
491 3807 581 3891 quod
616 3806 719 3871 solito
752 3808 926 3871 uocitatur
959 3807 1096 3871 nomine
1126 3816 1173 3870 aet

127 3907 416 3984 Tidelmiuctune,
432 3927 510 3971 cum
526 3909 684 3971 omnibus
707 3909 749 3971 ad
773 3928 810 3970 se
833 3909 898 3972 rite
922 3907 1171 3989 pertinentibus

128 4006 315 4071 liberaliter
328 4009 481 4072 concessi
495 4029 504 4085 3
527 4017 567 4071 ut
583 4009 669 4089 ipse,
684 4010 758 4070 uita
780 4010 916 4083 comite,
932 4006 1078 4069 fideliter
1095 4027 1171 4088 per-

129 4108 275 4183 fruatur,
293 4113 423 4189 etpost
446 4108 538 4171 uitae
561 4127 645 4170 suae
668 4109 862 4184 terminum,
887 4106 1021 4170 duobus
1047 4107 1171 4186 quibus

175 4222 259 4270 rom.
279 4224 331 4270 111.
995 4221 1020 4265 M
