2858 4890
434 362 610 411 casuras,
627 361 967 410 auenosaxonrctn.
1165 344 1229 408 153

164 525 291 580 -rectus
311 519 565 584 emendauerit
598 519 689 602 quod
726 525 847 584 contra
882 525 1038 584 nostrum
1076 517 1229 584 tumidus

183 616 323 700 deliquit
340 617 527 684 decretum.

648 885 791 953 nclx.

603 1035 824 1129 eineis.

234 1217 275 1298 ›1‹
300 1215 402 1279 Lucu
424 1219 562 1278 constat
578 1212 707 1277 clarius
725 1211 818 1296 quod
839 1212 941 1275 huius
960 1212 1053 1276 uitae
1070 1213 1234 1276 terminus

184 1315 328 1378 uolubili
351 1314 445 1378 uarie
461 1313 657 1377 discurrens
682 1314 806 1389 orbita,
827 1312 1035 1394 iamiamque
1058 1313 1234 1375 imminere

184 1413 385 1488 dinoscitur,
416 1420 456 1477 ut
482 1413 635 1477 ueridica
663 1412 792 1477 Christi
827 1412 1025 1494 promulgat
1051 1413 1236 1487 sententia,

185 1532 276 1595 quae
300 1513 499 1577 altiboando
524 1512 716 1594 proclamat
742 1513 872 1588 dicens,
885 1511 1033 1593 ‘Surget
1047 1531 1132 1590 gens
1155 1531 1238 1575 con-

189 1622 242 1675 tra
265 1619 417 1694 gentem,
440 1617 475 1675 et
492 1630 636 1692 regnum
658 1610 826 1675 aduersus
848 1610 1014 1693 regnum,’
1030 1619 1065 1674 et
1082 1611 1236 1693 reliqua3

187 1711 313 1777 iccirco
344 1730 409 1793 ego
432 1709 572 1791 Eadgar
598 1709 727 1775 Christi
760 1710 955 1775 conserente
984 1711 1099 1791 gratia
1131 1711 1238 1774 totius

188 1809 409 1893 Angligenae
432 1811 582 1875 nationis
607 1817 888 1892 caeterarumque
910 1811 1064 1891 gentium
1084 1810 1240 1874 Brittan-

189 1910 267 1974 nica
292 1909 408 1974 insula
432 1909 629 1991 degentium
661 1928 723 1973 rex
750 1911 934 1992 gloriosus,
959 1910 1072 1973 sancti
1098 1910 1239 1991 spiritus

189 2011 374 2074 carismate
388 2008 515 2092 partim
532 2015 699 2087 attactus,
716 2011 839 2073 mentis
855 2017 993 2072 nostrae
1014 2028 1140 2072 arcano
1155 2009 1240 2072 deli-

190 2111 311 2174 berare
328 2109 438 2190 coepi,
453 2116 559 2192 atque
572 2109 776 2190 optimatum
795 2128 947 2172 meorum
964 2113 1065 2171 utens
1083 2108 1239 2186 consilio,

185 2209 312 2292 patulo
335 2227 458 2272 uocum
481 2208 694 2291 proclamare
715 2209 854 2285 indicio,
874 2215 1005 2290 quanto
1029 2208 1169 2289 inquam
1192 2210 1239 2272 si·

192 2308 321 2372 mulate
336 2308 547 2372 transeuntis
563 2308 658 2371 uitae
678 2308 801 2390 gloria,
820 2315 859 2370 ut
876 2308 968 2371 foeni
989 2306 1053 2370 llos
1076 2308 1241 2372 uelociter

194 2427 354 2472 arescens
369 2406 494 2485 deficit,
509 2407 691 2491 letalisque
711 2407 811 2471 huius
827 2408 921 2472 uitae
944 2407 1143 2471 umbrilicae
1163 2409 1241 2473 finis

193 2507 403 2571 imminendo
437 2507 617 2585 incumbit,
648 2515 747 2573 tanto
781 2508 886 2571 etiam
912 2506 1082 2571 catholica
1107 2507 1243 2573 christi-

195 2627 282 2672 anae
314 2606 489 2688 religionis
514 2606 631 2671 studia
660 2608 768 2672 totius
795 2607 933 2671 uirtutis
963 2607 1086 2670 adnisu
1110 2617 1243 2673 restau-

195 2708 315 2783 randa,
338 2715 373 2770 ct
390 2707 633 2771 aecclesiarum
658 2708 875 2790 possessione
897 2726 1122 2789 quaecunque
1140 2709 1242 2773 oblit-

196 2816 310 2872 terata
324 2806 462 2871 fuerant
477 2807 712 2889 recuperanda
727 2807 809 2882 sore,
819 2814 958 2871 nostrae
974 2808 1099 2870 mentis
1117 2826 1243 2873 arcano

199 2907 337 2972 assidue
357 2907 531 2970 rimamur.
584 2905 678 2969 Hinc
704 2907 812 2987 igitur
835 2923 908 2970 mx.
933 2915 968 2971 et
992 2922 1071 2970 .1111.
1095 2927 1245 2986 mansas,

199 3015 277 3072 octo
304 3007 391 3070 locis
415 3006 595 3071 distinctas
627 3025 715 3089 quae
738 3006 791 3069 his
814 3005 982 3070 usualiter
1003 3015 1247 3088 nuncupantur

199 3106 387 3184 uocabulis,
413 3105 591 3189 Tuisyrde‚
620 3104 835 3184 Grawanlea,
858 3105 1042 3187 Oselbirig,
1067 3106 1246 3188 Hefesylt-

200 3208 271 3288 ing,
301 3205 456 3282 Hortum,
481 3205 596 3284 Stoce,
624 3205 831 3283 Oterburna,
859 3206 1071 3287 Ceoliglond,
1101 3206 1247 3284 Eastun,

201 3305 406 3382 Hundetun,
422 3313 461 3371 ut
482 3324 504 3369 a
523 3306 607 3369 meis
628 3305 757 3369 dudum
781 3306 1000 3387 supradictae
1016 3305 1249 3372 Wintoniensi

200 3406 364 3470 basilicae
385 3404 592 3469 reuerentiae
616 3406 776 3481 trinitati,
796 3407 937 3487 eiusque
958 3405 1124 3487 apostolis
1142 3406 1247 3472 Petro

202 3513 307 3588 atque
333 3505 459 3582 Paulo,
484 3512 623 3569 aeterna
655 3505 802 3586 largitae
827 3504 976 3581 fuerant,
998 3506 1048 3568 ita
1071 3504 1136 3569 bac
1158 3527 1249 3571 noua

202 3605 337 3669 cartula
350 3623 428 3668 cum
440 3624 592 3669 meorum
610 3605 817 3669 auctoritate
832 3625 1024 3687 procerum,
1036 3604 1249 3672 AEbelwoldo

202 3704 361 3788 praesule
380 3705 568 3781 obtinente,
593 3707 785 3780 roboratas,
802 3712 943 3769 aeterna
959 3704 1097 3768 humilis
1119 3725 1249 3771 renouo

204 3805 376 3869 libertate.
421 3803 498 3869 Sint
531 3811 646 3867 autem
676 3805 791 3867 omnia
823 3803 908 3868 haec
941 3804 1140 3885 supradicta
1171 3827 1252 3872 rura

204 3905 296 3968 omni
324 3911 480 3968 terrenae
506 3904 682 3968 seruitutis
708 3903 789 3986 iugo
812 3904 931 3980 libera,
951 3905 1062 3968 tribus
1085 3909 1251 3987 exceptis

206 4013 281 4069 rata
312 4003 473 4068 uidelicet
506 4004 738 4086 expeditione,
770 4006 885 4085 pontis
916 4005 1049 4067 arcisue
1081 4013 1253 4070 restaura·

207 4105 309 4168 tione.
375 4102 414 4167 Si
449 4104 526 4187 quis
561 4111 675 4168 autem
707 4105 797 4169 hanc
830 4112 1065 4187 recuperatam
1099 4105 1252 4170 moderni
