2858 4890
375 364 547 414 eumuna
569 363 913 412 lnocoslxonrcln.
1108 345 1173 412 143

120 542 207 600 ram,
239 521 414 606 quomodo
447 521 587 586 caducis
624 531 780 599 aeterna,
813 523 974 605 perituris
1007 541 1171 586 mansura

120 624 268 688 mercari
291 622 454 686 ualerem.
507 620 669 686 Occurrit
685 622 792 702 igitur
815 624 930 687 animo
955 623 1169 698 deliberanti,

120 732 160 788 nt
178 743 248 788 non
265 720 480 787 solummodo
494 721 668 785 territoria
681 720 935 786 Wintoniensis
949 725 1171 806 episcopatus

120 824 323 900 aecclesiae,
346 822 507 885 uidelicet
524 829 746 885 consecratae
762 823 806 885 ob
824 823 1052 887 reuerentiam
1070 824 1171 904 agiae

122 923 291 988 trinitatis
306 923 529 1004 unitatisque,
554 941 688 985 necnon
707 921 804 985 Petri
821 923 1057 1005 apostolorum
1077 923 1171 1005 prin-

121 1025 209 1106 cipis
235 1031 341 1105 atque
364 1021 468 1086 Pauli
496 1020 615 1085 eximii
637 1022 733 1084 uerbi
759 1023 897 1100 satoris,
922 1043 985 1104 pro
1016 1023 1172 1104 redemp-

121 1125 217 1188 tione
234 1123 372 1187 animae
390 1140 487 1185 meae
508 1128 672 1203 statuque
689 1122 756 1184 mei
778 1123 913 1205 imperii
931 1142 972 1186 ac
989 1123 1172 1187 dilectione

124 1222 332 1288 AEdelwoldi
341 1221 528 1285 uenerandi
542 1222 816 1302 antistitis,quae
829 1223 914 1286 meis
926 1224 1010 1286 inihi
1024 1223 1172 1302 degebat

123 1323 349 1406 temporibus,
365 1340 582 1397 renouarem,
600 1328 705 1403 atque
727 1322 763 1384 in
786 1340 855 1384 una
877 1323 1074 1404 colligerem
1096 1341 1170 1386 sce-

122 1423 217 1500 dula,
252 1441 372 1486 nerum
405 1421 509 1485 etiam
540 1419 665 1485 fundos
695 1420 872 1502 praefatae
914 1423 1077 1486 basilicae
1111 1423 1170 1504 qui

123 1523 251 1586 iniuste
278 1523 322 1585 ab
346 1521 519 1602 aliquibus
551 1520 761 1584 marcidulae
788 1521 879 1584 fastu
913 1523 1095 1604 superbiae
1120 1522 1172 1584 iu-

123 1623 253 1687 domite
267 1621 479 1686 tumentibus
496 1619 673 1684 abstracta
685 1620 902 1699 uidebantur,
916 1621 1172 1704 intercapedine

125 1723 252 1787 modici
273 1720 436 1785 cromatis
458 1739 678 1801 magnopere,
700 1720 849 1802 qualiter
870 1721 952 1784 olim
974 1742 996 1785 a
1017 1741 1172 1785 meorum

126 1822 326 1906 dapsilitate
359 1820 661 1903 praedecessorum
698 1820 858 1902 benigne,
889 1840 967 1884 cum
998 1821 1071 1884 suis
1107 1822 1173 1885 rite

126 1923 193 1987 sibi
218 1921 471 2006 pertinentibus
495 1920 568 1983 dati
590 1925 780 1997 cessentur,
807 1940 959 1985 meorum
976 1921 1173 1986 testimonio

127 2022 267 2086 functus
295 2039 477 2104 procerum
507 2039 653 2102 quorum
682 2021 821 2084 nomina
851 2021 887 2084 in
916 2021 1039 2084 ultima
1070 2022 1173 2084 huius

127 2122 288 2187 scedulae
309 2119 402 2204 pada
422 2127 591 2184 caraxata
610 2119 781 2197 uidentur,
799 2120 988 2184 humillime
1014 2123 1174 2186 restitue-

128 2242 209 2286 rem.
263 2221 358 2285 Hinc
380 2220 522 2284 Tantun
545 2220 697 2284 eiusdem
723 2221 929 2302 quantitatis
950 2238 994 2285 .c.
1011 2221 1174 2286 uidelicet

127 2322 256 2386 mansis
283 2321 436 2404 spatiose
466 2319 660 2397 dilatatum,
688 2339 992 2403 successorumque
1022 2323 1173 2386 omnium

127 2420 356 2505 prosperitate
371 2440 393 2484 a
409 2420 508 2484 uobis
524 2419 745 2484 aeternaliter
759 2421 953 2485 restituitur
966 2422 1172 2500 aeeclesiae;

128 2522 321 2605 praefatum
346 2521 473 2584 etenim
494 2539 554 2583 rus
576 2521 671 2602 prius
688 2539 710 2583 a
725 2522 875 2602 quadam
897 2522 1090 2604 antiquitus
1107 2522 1175 2585 lar-

128 2624 240 2704 gitum
262 2628 315 2686 est
337 2620 458 2703 regina
479 2620 653 2701 religiosa,
671 2639 712 2684 ac
734 2629 857 2702 postea
875 2623 918 2684 ab
940 2620 1067 2686 Adulso
1093 2642 1175 2703 rege

129 2722 283 2804 glorioso
299 2722 411 2786 tocius
433 2720 488 2784 sui
503 2720 601 2801 regni
618 2739 701 2784 rura
715 2721 907 2785 decimante
929 2723 1067 2804 copiose
1090 2742 1175 2802 aug-

129 2829 332 2898 mentatum,
355 2820 601 2901 renouatisque
630 2820 819 2903 supradicti
845 2821 1009 2886 territorii
1035 2821 1175 2885 cartulis

129 2930 271 2986 aeterna
293 2921 467 2985 firmatum
489 2926 543 2984 est
567 2919 776 3002 dapsilitate.
829 2921 910 2985 Rex
938 2922 1056 2986 itidem
1085 2921 1176 2984 Ead-

130 3022 245 3087 weard
260 3022 359 3086 nouis
374 3020 627 3085 haereditatum
640 3021 756 3097 cartis,
773 3020 838 3085 hoc
854 3022 944 3085 idem
960 3041 1018 3085 rus
1035 3029 1176 3085 aeterna

129 3122 358 3188 consolidanit
373 3121 533 3185 libertate
548 3121 712 3202 acceptis,
721 3120 883 3185 uidelicet
894 3138 965 3185 mx.
981 3142 1044 3204 pro
1057 3122 1176 3185 eadem

129 3223 290 3288 libertate
319 3221 449 3284 mansis
478 3236 589 3285 ‚xxm
618 3220 751 3285 scilicet
780 3229 827 3285 aet
856 3222 1072 3285 Banewillan
1099 3238 1176 3285 .xx.

131 3329 179 3386 aet
202 3321 481 3386 Scealdeburnan
506 3326 603 3384 stoce
632 3337 679 3383 .x.
704 3328 750 3384 aet
773 3320 1055 3398 Crawancnmbe,
1085 3321 1176 3404 quod

130 3429 248 3487 tamen
270 3427 325 3485 tot
349 3439 469 3502 regum
496 3438 746 3502 procerumque
769 3421 842 3483 fixa
869 3422 1041 3485 firmatum
1069 3421 1177 3484 dona—

131 3523 226 3586 tione
250 3521 440 3602 instigante
461 3519 599 3584 diabolo
623 3520 751 3583 iniuste
768 3539 790 3583 a
807 3520 1012 3602 quibusdam
1034 3522 1178 3604 praede·

131 3621 327 3686 cessoribns
342 3621 428 3684 meis
443 3619 677 3702 philargyriae
688 3620 774 3684 uitio
790 3621 941 3684 seductis
956 3621 1100 3684 uiolenti
1117 3623 1178 3684 ab·

131 3729 300 3786 stractum
326 3727 379 3784 est
401 3719 545 3803 rapina3
573 3739 595 3784 a
619 3739 674 3782 me
700 3720 824 3783 iterum
851 3720 980 3785 Christi
1006 3728 1180 3784 annuente

132 3822 248 3903 gratia
268 3820 480 3896 restitutum,
497 3826 666 3903 perpetua
688 3818 733 3881 ad
752 3838 835 3882 usus
854 3820 1020 3902 praedicti
1043 3821 1181 3904 pontiti-

133 3929 232 3985 eatus
263 3920 462 4002 praesulum
491 3918 624 3983 ditatae
653 3919 825 3984 libertate.
888 3920 926 3983 Si
954 3920 1031 4002 quis
1064 3930 1180 3985 autem

132 4020 222 4086 banc
238 4025 392 4084 nostram
408 4019 538 4083 uiolare
556 4019 755 4082 minuereue
777 4020 1045 4084 munificentiam
1063 4029 1181 4103 tyran-

133 4120 213 4186 nica
234 4119 345 4184 fretus
367 4118 530 4202 superbia
555 4121 835 4202 praesumpserit,
863 4120 1047 4185 anathema
1072 4120 1130 4198 sit,
1148 4128 1183 4184 et
