2858 4890
442 378 615 429 onnam
636 378 978 430 ruecosaxourenn.
1187 368 1230 433 71

181 530 291 609 derat,
302 515 518 600 AEdelwoldo
533 536 617 600 mibi
630 538 828 620 praesulum
842 540 1081 605 amantissimo
1090 547 1233 605 aeterna

182 631 330 714 largitus
348 654 427 697 sum
448 634 681 716 haereditate3
704 657 811 720 quam
830 639 936 703 etiam
954 641 1029 722 ipse
1047 641 1230 722 episcopus

183 732 322 798 domino
349 742 470 799 nostro
498 734 605 801 Ibesu
631 736 772 803 Christo
804 746 840 804 et
868 749 990 804 sancto
1012 740 1119 803 Petro
1145 760 1230 823 apo·

183 834 275 899 stolo
302 853 406 916 quem
430 842 550 901 nostro
576 836 750 903 adiutorio
771 839 1006 904 reaedificauit
1027 841 1083 903 cui
1107 861 1231 904 nomen

183 941 237 997 est
252 933 370 999 Burch
391 936 561 1013 concedit,
576 956 632 1001 me
651 937 812 1003 uidelicet
834 948 1019 1015 annuente,
1038 948 1144 1023 atque
1166 940 1232 1005 bac

183 1033 380 1098 firmissima
396 1035 586 1101 stabilitate
603 1038 861 1116 corroborante,
878 1040 1044 1121 quatinus
1062 1059 1126 1121 pro
1152 1041 1229 1105 nul-

184 1133 251 1197 lius
278 1133 413 1199 altioris
439 1136 496 1199 uel
518 1135 690 1201 inferioris
717 1139 847 1219 gradus
875 1138 1024 1204 hominis
1049 1147 1149 1204 reatu
1171 1161 1231 1205 rus

182 1233 378 1316 praefatum
404 1254 427 1298 a
454 1234 585 1301 domini
609 1238 670 1319 qui
698 1257 874 1320 nunquam
899 1247 1034 1303 reatum
1059 1242 1231 1305 commisit

183 1334 401 1417 possessione
432 1336 599 1417 priuetur.
651 1337 689 1401 Si
722 1357 806 1403 uero
832 1339 962 1402 crimen
989 1339 1081 1423 quod
1109 1342 1232 1407 ueniae

184 1454 253 1499 non
268 1436 317 1500 sit
327 1434 470 1517 dignum
485 1435 653 1501 suadente
669 1437 820 1514 diabolo,
837 1437 932 1520 quod
949 1438 1052 1515 absit,
1068 1438 1136 1504 loci
1152 1460 1232 1522 pro·

184 1542 325 1599 curator
346 1536 567 1612 commiserit,
589 1543 717 1617 agatur
734 1537 988 1603 rationabiliter
1010 1538 1053 1602 de
1074 1558 1116 1603 eo
1139 1541 1231 1621 quod

184 1634 227 1699 de
252 1636 346 1716 regis
370 1635 488 1718 agitur
512 1637 722 1718 praeposito,
745 1644 786 1700 ut
809 1637 973 1703 uidelicet
996 1657 1057 1701 reo
1081 1639 1148 1702 rite
1173 1640 1231 1704 de-

186 1736 322 1799 curiata
347 1754 389 1799 ac
415 1737 508 1800 iusto
536 1735 655 1799 ordine
679 1735 837 1818 depulso,
866 1737 919 1802 illi
945 1738 1006 1819 qui
1034 1738 1160 1819 dignus
1186 1741 1232 1804 sit

186 1833 317 1899 Christi
335 1835 537 1917 designetur
549 1836 601 1901 uti
616 1837 709 1917 regis
725 1837 814 1901 solet
832 1838 1119 1918 praepositurae
1135 1839 1232 1904 nullo

185 1935 363 2001 decurium
379 1935 523 1999 uiolata.
575 1935 626 2000 Ut
643 1944 759 2000 autem
776 1935 909 1999 firmins
926 1943 1018 2001 esset
1034 1937 1232 2019 largifluum

185 2035 289 2100 buius
310 2034 446 2099 telluris
462 2035 604 2112 donum,
624 2035 720 2099 dedit
746 2036 926 2118 praefatus
950 2038 1133 2119 episcopus
1155 2040 1231 2120 regi

185 2135 362 2219 praedicto
389 2152 462 2201 .xu.
488 2135 574 2199 meri
599 2137 736 2217 argenti
764 2136 870 2199 libras
897 2144 933 2200 ct
959 2155 1064 2199 unam
1090 2157 1231 2202 auream

187 2238 323 2301 crucem
356 2234 388 2299 ei
418 2234 529 2298 multo
557 2236 725 2299 cariorem
756 2236 904 2319 pecunia
936 2237 1126 2318 praedicta.
1178 2238 1231 2303 sit

186 2344 302 2401 autem
330 2334 544 2417 praedictum
566 2354 627 2397 rus
649 2337 743 2399 omni
761 2341 918 2399 terrenae
941 2338 1122 2401 seruitutis
1147 2339 1230 2420 iugo

186 2438 332 2500 liberum
362 2435 474 2499 tribus
507 2436 676 2516 exceptis,
703 2442 782 2499 rata
809 2436 971 2499 uidelicet
1000 2437 1231 2519 expeditione,

188 2538 313 2621 pontis,
329 2536 463 2599 aroisue
478 2537 743 2599 restauratione.
776 2534 814 2598 Si
832 2537 911 2618 quis
926 2537 1033 2616 igitur
1049 2536 1138 2601 banc
1153 2558 1230 2602 nos-

186 2645 277 2702 tram
301 2635 522 2700 donationcm
548 2635 585 2697 in
607 2635 700 2699 aliud
724 2654 828 2718 quam
850 2636 1093 2700 constituimus
1121 2645 1230 2700 trans-

187 2737 275 2802 ferre
284 2735 447 2812 uoluerit,
453 2735 612 2816 priuatus
625 2735 800 2799 consortio
809 2743 951 2798 sanctae
965 2735 1020 2798 dei
1033 2737 1233 2815 aecclesiae,

186 2836 336 2901 aeternis
348 2834 503 2899 barathri
514 2834 682 2899 incendiis
697 2835 902 2917 lugubribus
913 2836 1042 2916 iugiter
1052 2856 1129 2899 curn
1143 2837 1233 2901 luda

188 2937 319 3003 christi
333 2934 508 3018 proditore
524 2933 668 3017 eiusque
684 2935 908 3017 complicibus
926 2936 1102 3017 puniatur,
1119 2938 1148 2999 si
1162 2958 1230 3002 non

186 3036 424 3103 satisfactione
447 3035 682 3099 emendauerit
709 3053 865 3117 congrua
891 3035 984 3117 quod
1008 3043 1129 3099 contra
1154 3056 1230 3100 nos-

187 3146 279 3203 trum
305 3134 454 3218 deliquit
475 3134 664 3201 decretum.
715 3133 785 3199 His
814 3136 916 3199 metis
945 3135 1140 3217 praefatum
1171 3156 1231 3200 rus

186 3236 370 3303 hincinde
396 3236 542 3316 giratur.
595 3233 661 3301 Dis
690 3235 825 3319 syndon
854 3233 898 3298 ba
927 3224 1162 3316 landgemfr'rro
1195 3229 1233 3302 to

188 3338 349 3403 Baruwc.
385 3336 503 3399 AErest
518 3325 569 3417 fip
584 3333 625 3398 of
637 3335 794 3400 Humbre
809 3335 1000 3416 andlanges
1015 3334 1094 3399 bere
1109 3337 1233 3401 ealdan

189 3431 245 3507 die
268 3436 339 3503 tat
363 3436 393 3501 it
416 3434 534 3518 cymed
562 3425 602 3500 to
627 3433 761 3518 wyrde;
787 3435 875 3498 fram
893 3441 1012 3517 wyrda
1037 3427 1076 3499 tf>
1092 3436 1233 3519 Hcope·

188 3539 326 3621 briege;
353 3534 443 3601 fram
458 3535 701 3618 Heopcbricge
716 3526 755 3600 td
769 3526 977 3612 mercem6t;
1004 3536 1092 3599 fram
1105 3557 1234 3600 merce·

189 3630 284 3705 mote
312 3627 626 3714 tocumoreh0103
656 3634 746 3701 fram
768 3634 998 3699 Cumbrchole
1022 3626 1061 3699 td
1091 3636 1232 3715 willun3

189 3740 276 3805 fram
294 3736 416 3803 willan
429 3726 469 3800 td
483 3735 583 3799 micle
600 3735 691 3814 hoh;
718 3735 806 3798 fram
824 3736 924 3798 micle
939 3735 1029 3799 bobe
1053 3727 1091 3799 t6
1109 3738 1236 3801 middcl

189 3840 291 3916 bille;
324 3836 414 3901 fram
438 3835 565 3901 middel
589 3833 672 3899 hille
697 3826 736 3900 to
761 3823 936 3911 marradio,
976 3824 1052 3899 swa
1083 3836 1236 3919 andlang

189 3928 353 4007 miieredic
370 3936 420 4001 eft
433 3934 473 3999 ist
491 3954 538 4000 on
553 3935 723 4000 Humbre.
791 3934 896 3998 Anno
912 3935 1104 3999 dominicae
1125 3938 1235 4002 incar-

190 4038 341 4107 nationis
353 4052 601 4101 mococmxxn
611 4037 742 4117 scripta
754 4040 808 4097 cst
820 4035 906 4098 baec
917 4042 1015 4099 carta
1026 4035 1079 4099 his
1089 4039 1236 4103 testibus

190 4136 483 4209 consentientibus
496 4155 644 4218 quorum
659 4135 802 4201 inferius
816 4136 956 4200 nomina
972 4144 1193 4201 caraxantur.
