2858 4890
446 376 618 424 euanruu
642 375 983 424 unenosuxourcsn.
1175 361 1240 424 191

182 545 259 590 uus.
319 530 358 611 ᾧ
382 528 458 612 Ego
473 529 624 595 AEbelric
649 532 825 596 diaconus.
899 536 938 616 ›1‹
968 533 1044 614 Ego
1071 532 1237 596 Leofstan

181 626 358 691 diaconus.
428 632 468 711 ›1‹
487 630 650 712 Wulfgar
670 632 826 697 clericus.
898 635 937 714 ›1‹
955 632 1120 697 Wulfuod
1138 633 1238 695 cleri-

182 744 255 790 cus.
326 730 366 809 ›1‹
388 729 577 794 Wulfwine
599 731 755 796 clericus.
828 735 867 813 ›1‹
895 732 1065 796 Godwine
1080 732 1236 795 clericus.

189 828 227 987 ›q‹
246 825 434 940 flyuebegu
461 830 617 895 clericus.
688 834 727 912 ›1‹
745 831 825 896 Ufic
851 833 1007 895 clericus.
1080 834 1119 914 ›1‹
1135 830 1238 894 Tuua

184 944 337 992 oeneus.

592 1134 836 1200 DCXXXV.

502 1269 803 1352 *AEDELRED,
824 1273 900 1338 983.

243 1423 282 1502 ›1‹
302 1421 585 1487 Pnsnronunrrrr
614 1425 884 1489 cunctitonantis
916 1424 1116 1507 dapsilitate
1146 1427 1238 1491 trina

188 1521 300 1585 fauste
317 1541 432 1586 rerum
447 1523 607 1588 machina
626 1532 726 1589 extat
742 1525 923 1607 disposita,
943 1543 984 1587 ac
1006 1531 1076 1587 tam
1094 1526 1237 1590 mirifica

187 1621 417 1685 inexhaustae
433 1623 597 1687 bonitatis
619 1624 802 1688 clementia
823 1625 911 1688 citra
932 1623 1078 1686 aliarum
1103 1641 1238 1688 creatu·

188 1741 304 1784 rarum
330 1720 530 1798 uisibilium,
552 1722 713 1788 uidelicet
738 1723 860 1787 seriem
886 1722 1096 1785 materialem
1120 1732 1237 1803 proto-

188 1820 353 1902 plaustris
377 1820 471 1886 luteo
491 1822 668 1887 confectus
693 1823 844 1904 tegmine
864 1822 1007 1885 somatis
1025 1821 1137 1885 foelici
1159 1844 1235 1905 per·

188 1927 304 1984 manet
324 1919 457 1985 ditatus
481 1923 685 2004 priuilegio;
710 1932 749 1986 ut
768 1943 830 2006 per
846 1921 1066 1984 malesuadae
1085 1921 1236 1986 refrena-

188 2021 317 2083 tionem
340 2021 531 2102 superbiae,
549 2040 591 2085 ac
614 2022 867 2102 [uo]luntatem
892 2020 1097 2083 humilitatis
1125 2022 1237 2104 limpi-
1280 2048 1283 2054 ¹

187 2118 350 2182 dissimae
368 2138 427 2200 per
436 2138 525 2201 quae
539 2120 834 2202 refrigerationem
846 2122 998 2202 inopum,
1011 2140 1118 2183 necne
1131 2122 1238 2185 bono-

187 2237 262 2281 rum
274 2217 551 2284 distributionem
560 2221 774 2283 terrestrium
788 2221 832 2283 ad
845 2220 1109 2283 nanciscendam
1117 2219 1237 2303 Olym·

186 2317 285 2400 picae
304 2317 522 2381 amoenitatis
539 2317 759 2382 foelicitatem
783 2320 900 2382 ualeat
915 2317 1097 2381 homuncio
1112 2327 1237 2384 terres-

185 2417 248 2480 tris
265 2416 440 2480 theoricae
457 2417 551 2481 uitae
567 2418 742 2500 percipere
756 2419 884 2500 gaudia
895 2417 1064 2480 uirtutum
1077 2420 1237 2483 nobiliter

186 2517 371 2581 decoratus
399 2517 566 2580 bonarum
595 2519 859 2600 praerogatiuis
923 2516 1145 2598 Quapropter
1172 2539 1238 2600 ego

188 2614 393 2680 AEbelredus
421 2615 540 2679 diuina
564 2616 766 2699 disponente
798 2615 1015 2699 prouidentia
1046 2616 1237 2682 industrius

188 2714 384 2798 Anglorum
406 2716 621 2798 aliarumque
643 2716 955 2780 circumiacentium
978 2717 1157 2795 regionum
1177 2719 1238 2781 ba-

186 2816 304 2890 sileos,
332 2814 469 2879 cuidam
497 2816 579 2878 mihi
605 2815 706 2898 opido
734 2817 861 2880 dilecto
888 2815 1035 2879 antistiti
1052 2815 1237 2897 AEbelgaro

188 2914 462 2991 uocitamine,oh
475 2914 568 2978 illius
582 2917 883 2997 placabilissimam
902 2915 1114 2990 fidelitatem,
1131 2917 1239 2997 quod-

187 3015 268 3080 dam
295 3021 434 3097 pratum
455 3015 546 3096 quod
571 3015 661 3079 iacet
685 3016 720 3078 in
746 3016 935 3097 aquilonali
960 3021 1058 3096 parte
1084 3013 1237 3079 famosae

186 3115 294 3190 urbis,
331 3133 420 3196 quae
455 3114 567 3177 scibili
603 3116 831 3196 appellamine
857 3113 1048 3195 Wyntonia
1080 3122 1237 3190 uocatur,

186 3214 350 3297 quodque
379 3212 414 3277 in
439 3213 599 3277 orientali
633 3223 731 3295 parte
761 3213 981 3277 circumiacet
1007 3211 1145 3287 fluuius,
1178 3215 1237 3293 qui

180 3313 317 3377 'lobene
341 3321 572 3394 nuncupatur,
597 3313 641 3376 ad
665 3333 748 3376 usus
773 3313 840 3375 sibi
865 3311 1078 3375 necessarios
1100 3312 1136 3373 in
1161 3331 1238 3393 per-

187 3422 330 3496 petuam
353 3412 502 3475 concedo
528 3412 774 3477 haereditatem
803 3433 880 3475 cum
905 3412 1063 3476 omnibus
1087 3410 1130 3472 ad
1152 3411 1236 3475 illud

187 3511 451 3596 pertinentibus,
482 3518 554 3574 tam
587 3513 723 3593 magnis
751 3532 855 3594 quam
882 3512 917 3574 in
947 3510 1090 3573 modicis
1123 3512 1236 3587 rebuS,

187 3611 362 3686 uidelicet,
382 3629 549 3692 aquarum
570 3613 738 3687 cursibus,
756 3611 900 3694 piscium
918 3610 1147 3692 captionibus,
1165 3630 1237 3673 mo-

186 3712 473 3792 lendinarumque
502 3711 753 3788 rotationibus;
785 3716 956 3791 quatenus
986 3708 1044 3771 ille
1076 3729 1238 3790 prospere

187 3810 398 3895 perfruatur,
416 3828 457 3873 ac
472 3810 667 3891 perenuiter
684 3809 859 3892 possideat
883 3808 964 3870 dum
991 3809 1139 3870 labentis
1160 3810 1238 3872 aeui

187 3910 380 3974 incolarum
397 3915 536 3972 artuum
551 3929 682 3989 organa
699 3909 914 3992 pertrahunt,
929 3916 1076 3990 postque
1093 3917 1238 3972 uocante

189 4008 394 4075 mortalibus
421 4008 601 4072 notissima
627 4020 736 4073 morte
765 4009 917 4072 debitum
935 4008 1018 4070 iuris
1045 4014 1084 4069 ut
1112 4008 1239 4084 soluat,

188 4111 383 4191 cuicunque
414 4108 479 4170 sibi
515 4107 654 4172 libuerit
684 4109 875 4172 successori
908 4109 980 4170 iure
1011 4106 1239 4170 haereditario
