2858 4890
192 336 259 401 298
453 352 627 400 cusanus
650 350 990 401 annuosnxomcan.

193 511 375 574 missarum
399 509 557 573 solennia
578 510 806 592 omnipotenti
830 508 895 573 deo
921 510 1109 588 celebrent,
1125 517 1161 575 et
1175 511 1257 575 dul·

194 611 350 674 cissimas
365 611 575 692 psalmorum
592 610 845 673 modulationes
865 629 925 673 ore
939 616 974 673 et
992 610 1095 674 corde
1110 611 1257 676 decant·

194 717 305 787 antes,
331 710 436 774 armis
468 710 707 791 spiritualibus
732 717 854 774 contra
882 709 1037 773 uisibiles
1067 718 1102 774 et
1131 711 1256 776 inuisi·

192 810 278 873 biles
298 810 428 887 hostes,
446 830 509 893 pro
532 811 632 874 nobis
655 818 691 874 et
711 829 774 892 pro
789 809 889 873 'omni
907 810 1038 892 populo
1062 810 1253 877 christiano

194 908 356 974 dimicare
373 931 442 976 uon
460 918 608 987 cessent,
626 916 798 992 quatenus
818 909 972 973 eiusdem
989 911 1083 975 beati
1100 918 1252 994 martyr·

192 1010 223 1072 is
249 1010 539 1075 intercedentibus
572 1010 714 1085 meritis,
738 1009 813 1072 siue
839 1010 876 1072 in
902 1011 1088 1092 praesenti,
1115 1012 1192 1074 siue
1214 1013 1252 1076 in

192 1109 321 1186 futura,
342 1111 416 1174 siue
440 1111 477 1174 in
496 1117 643 1191 utraque
670 1110 754 1186 uita,
771 1108 910 1172 Christo
933 1129 997 1192 pro
1019 1111 1119 1174 nobis
1140 1111 1253 1176 uirtu-

192 1217 262 1273 tem
283 1210 440 1286 faciente,
463 1210 645 1274 uictoriam
660 1209 869 1292 quandoque
884 1209 927 1272 de
940 1208 1090 1274 inimicis
1107 1212 1251 1289 nostris,

192 1310 266 1373 uoti
295 1318 471 1392 compotes
506 1309 650 1392 adipisci
677 1328 880 1374 mereamur.
949 1309 987 1373 Si
1017 1298 1094 1392 uuis
1119 1318 1253 1390 autem,

192 1410 344 1491 maligno
380 1410 504 1491 spiritu
540 1410 741 1491 instigante,
768 1409 850 1472 huic
882 1409 1022 1474 decreto
1051 1429 1251 1492 repugnare

191 1510 424 1593 temptauerit,
442 1511 531 1573 sciat
546 1529 584 1573 sc
607 1509 757 1573 alienum
781 1528 856 1573 esse
874 1529 895 1573 a
912 1511 1087 1574 consortio
1105 1520 1251 1577 sanctae

191 1610 246 1674 dei
268 1610 466 1687 aecclesiae,
476 1617 512 1673 et
528 1609 791 1692 participatione
807 1610 1019 1673 sacrosancti
1039 1611 1196 1692 corporis
1214 1620 1251 1678 et

191 1711 371 1791 sanguinis
387 1710 516 1774 domini
532 1711 643 1772 nostri
660 1709 767 1773 Ihesu
783 1709 932 1789 Christi3
954 1710 1041 1773 etin
1054 1710 1248 1777 nouissimo

191 1810 358 1874 tremendi
374 1810 490 1873 iudicii
509 1810 576 1886 die,
595 1811 730 1874 nouerit
752 1829 789 1873 se
811 1811 849 1872 in
870 1810 1005 1873 inferno
1028 1810 1195 1888 inferiori,
1212 1820 1250 1878 et

189 1909 226 1972 in
249 1918 390 1974 aeterna
411 1910 632 1974 damnatione
651 1909 888 1992 mergendum,
909 1916 946 1973 et
970 1930 1031 1992 per
1056 1913 1248 1977 auctorita·

190 2017 259 2073 tem
284 2009 431 2092 praefati
461 2010 635 2091 martyris,
659 2010 748 2074 sciat
772 2029 810 2074 se
838 2011 968 2092 absque
991 2009 1065 2074 ullo
1095 2010 1247 2077 termino

189 2109 265 2173 sine
291 2110 359 2174 fine
381 2108 614 2186 cruciandum,
638 2110 705 2172 nisi
725 2109 831 2192 digna
852 2117 888 2174 et
913 2129 1067 2192 congrua
1087 2111 1247 2177 satisfac·

191 2210 286 2273 tione
297 2211 402 2275 citius
419 2209 653 2273 emcndauerit
670 2209 761 2291 quod
776 2217 900 2274 contra
913 2209 1015 2274 deum
1031 2218 1068 2274 et
1081 2220 1245 2276 sanctum

189 2315 376 2391 martyrem
412 2311 485 2374 eius
518 2309 717 2392 delinquere
746 2329 814 2373 non
850 2310 978 2374 timuit
1044 2308 1150 2375 Anno
1181 2312 1244 2377 do·

189 2408 334 2472 minicae
371 2409 620 2473 iucarnationis
656 2424 894 2473 mccccxcvr.
926 2409 1114 2475 indictione
1153 2412 1244 2478 ΜΠ.

188 2509 355 2591 scriptum
393 2517 428 2573 et
467 2517 670 2573 renouatum
706 2518 761 2573 est
791 2509 894 2573 huius
925 2510 1094 2595 libertatis
1130 2511 1244 2576 chiro-

187 2608 370 2690 graphum,
385 2608 438 2672 his
456 2610 601 2673 testibus
619 2609 912 2674 consentientibus
931 2630 1076 2692 quorum
1096 2610 1243 2676 inferius

184 2709 328 2772 nomina
353 2709 540 2773 secundum
562 2710 832 2792 uniuscuiusque
853 2709 1053 2791 dignitatem
1079 2711 1243 2776 ordinata

185 2817 411 2873 caraxantur.

202 2917 204 2920 ⁴
242 2910 281 2990 *1⁴
300 2909 377 2991 Ego
395 2906 598 2973 AEbelredus
625 2906 821 2990 Anglorum
844 2909 993 2972 basileus
1019 2908 1109 2973 hauc
1139 2929 1241 2975 reno·

186 3009 336 3073 nationis
358 3015 394 3073 et
416 3010 585 3072 libertatis
610 3010 742 3072 cartam
767 3010 915 3072 scribere
938 3009 1035 3072 iussi.
1107 3011 1146 3091 ›1‹
1162 3010 1241 3093 Ego

185 3109 353 3172 AElfricus
365 3109 641 3173 Dorouernensis
660 3110 847 3173 aecclesiae
864 3109 1142 3191 archiepiscopus
1158 3110 1241 3176 huic

184 3208 345 3272 scedulae
378 3210 595 3290 signaculum
634 3216 777 3274 sanctae
810 3209 922 3274 crucis
960 3209 1121 3292 imposui.
1196 3213 1236 3293 *1⁴

184 3308 261 3388 Ego
297 3307 478 3372 Ealdulfus
505 3310 735 3373 Eboraceusis
764 3310 951 3374 aecclesiae
983 3309 1239 3393 archiepiscop·

184 3427 226 3470 us
261 3406 340 3470 huic
379 3407 572 3473 diffinitioni
612 3416 864 3474 consentaneus
902 3409 1016 3475 extiti.
1091 3410 1133 3490 *1⁴
1162 3411 1240 3493 Ego

183 3505 352 3570 AElfheah
394 3507 659 3573 Uuintoniensis
700 3511 886 3574 aecclesiae
926 3509 1109 3591 episcopus
1159 3510 1241 3576 huic

183 3607 413 3690 chirographo
454 3609 613 3672 similiter
657 3628 835 3674 assensum
872 3609 1026 3692 praebui.
1100 3609 1141 3689 ᾧ
1161 3611 1240 3693 Ego

184 3705 350 3770 Uulfstan
361 3707 543 3790 episcopus
558 3709 728 3772 consensi.
760 3712 800 3792 ›1‹
810 3709 886 3792 Ego
895 3707 1065 3779 AElfhcah
1079 3709 1240 3794 episcop-

182 3826 224 3870 us
247 3808 479 3871 corroboraui.
542 3810 581 3890 ›1‹
598 3809 674 3890 Ego
688 3807 799 3874 Auulf
816 3811 1000 3893 episcopus
1022 3809 1239 3891 consiguaui.

187 3908 227 3988 ›1‹
250 3906 326 3987 Ego
355 3906 529 3990 Wulfsige
571 3909 752 3992 episcopus
794 3908 1021 3975 consolidaui.
1098 3911 1140 3991 »1⁴
1162 3910 1240 3994 Ego

181 4006 349 4071 Ordbriht
374 4007 558 4091 episcopus
585 4009 814 4092 consigillaui.
879 4012 918 4092 ›1‹
936 4009 1014 4091 Ego
1030 4006 1240 4075 Goduuinus

180 4108 363 4194 episcopus
394 4109 607 4174 confirmaui.
688 4111 728 4193 ›1‹
758 4111 834 4193 Ego
868 4108 1017 4174 Ealdred
1053 4109 1239 4194 episcopus
