2858 4890
440 345 613 395 cunnrnn
637 346 980 399 anonosnxoumnn.
1173 335 1237 399 173

183 501 408 616 Haemstedes
447 511 549 585 geate
589 503 666 571 fora
711 506 746 569 bi
785 495 886 571 strat
924 507 974 572 eft
1015 499 1054 572 to
1088 501 1239 574 Wifeles

182 619 301 666 maere.

239 705 278 783 ›1‹
299 703 375 784 Ego
401 703 566 768 AEaelred
591 725 653 769 rex
680 704 871 787 praefatam
903 705 1125 770 donationem
1156 727 1238 770 con-

183 803 284 866 cessi.
357 806 397 885 *l*
431 804 507 886 Ego
540 805 701 869 Dunstan
736 805 1012 870 Doroueruensis
1052 808 1238 871 aecclesiae

184 901 467 987 archiepiscopus
494 904 708 986 consignaui.
766 908 804 984 ›1‹
834 906 910 987 Ego
935 905 1076 970 Oswold
1108 907 1239 970 archie-

185 1002 351 1084 piscopus
376 1003 590 1069 confirmani.
662 1007 702 1088 ›1‹
728 1005 804 1087 Ego
830 1005 1024 1070 AEaelwold
1057 1007 1240 1089 episcopus

186 1103 421 1166 corroboraui.
479 1107 518 1185 ›1‹
541 1105 617 1186 Ego
634 1106 787 1169 AElfstan
810 1106 992 1188 episcopus
1015 1106 1239 1171 consolidaui.

192 1202 233 1281 ›1‹
256 1202 333 1282 Ego
353 1200 506 1267 AEll‘ario
529 1206 659 1287 regina.
716 1209 756 1288 »Β
775 1206 851 1287 Ego
867 1205 982 1286 Osgar
1009 1207 1128 1270 abbas.
1195 1210 1234 1288 ›1‹

188 1300 267 1383 Ego
286 1300 455 1366 Godwine
477 1305 594 1368 abbas.

604 1509 833 1575 ncxxnr.

560 1635 781 1738 oswino,
803 1661 881 1726 979.

251 1810 290 1888 ›1‹
313 1805 425 1872 Anni
454 1815 490 1872 et
512 1808 692 1874 indiuidua
718 1811 843 1894 ubique
865 1810 1057 1875 inlocaliter
1080 1818 1244 1892 regnante

192 1908 364 1985 trinitate,
379 1928 441 1972 uec
459 1929 502 1972 ne
520 1911 705 1974 AEbclredo
723 1911 953 1976 allubescente
971 1931 1012 1975 ac
1028 1911 1167 1975 fauente
1184 1931 1245 1992 per

195 2010 446 2090 omniparentis
474 2017 596 2073 nutum
631 2011 738 2075 totius
755 2011 914 2076 Albionis
938 2012 1081 2087 basileo,
1101 2011 1247 2074 AElfere-

195 2128 265 2191 que
289 2108 497 2173 Marciorum
528 2111 652 2174 comite
684 2112 939 2176 consentiente:
976 2131 1041 2193 ego
1064 2111 1247 2175 Oswaldus

196 2208 361 2290 largiflua
385 2208 440 2273 dei
463 2210 644 2274 clementia
665 2211 910 2294 archipraesul,
934 2212 1106 2294 quandam
1129 2230 1248 2274 rurus-

197 2309 271 2372 culi
297 2317 440 2390 partem,
462 2317 532 2373 tres
554 2310 685 2375 scilicet
708 2331 858 2388 mansas,
876 2312 911 2373 in
929 2311 1005 2375 loco
1028 2331 1129 2394 quem
1154 2309 1248 2374 illius

200 2417 315 2473 terrae
339 2409 500 2474 solicolae
517 2411 736 2492 Degilesford
757 2413 925 2488 uocitant,
948 2411 1069 2474 libenti
1096 2411 1248 2474 concedo

200 2509 330 2586 animo,
355 2530 433 2573 cnm
452 2510 610 2574 omnibus
638 2511 682 2575 ad
709 2532 788 2576 eum
815 2512 1023 2575 utilitatibus
1052 2512 1117 2574 rite
1141 2497 1249 2592 perti·

200 2611 376 2686 uentibuS‚
413 2629 490 2674 cnm
533 2611 693 2676 consultu
723 2620 827 2694 atque
865 2612 1006 2676 licentia
1046 2610 1252 2674 uenerabilis

202 2709 506 2791 Wiogornensium
544 2711 707 2789 familiae,
738 2713 942 2776 AE’aelstano
979 2731 1054 2775 meo
1093 2711 1253 2775 uidelicet

204 2811 391 2874 carnaliter
422 2810 530 2888 fratri,
561 2832 624 2894 pro
656 2813 729 2875 eius
762 2812 881 2875 humili
908 2813 1118 2875 subiectione
1148 2819 1252 2892 atque

204 2911 398 2989 famulatu3
437 2920 477 2975 ut
510 2910 584 2975 uita
618 2913 753 2990 comite,
776 2913 835 2976 illo
857 2912 1031 2978 ¹foeliciter
1056 2911 1252 2994 perfruatur

205 3011 338 3091 absque
355 3010 459 3074 ullius
482 3011 725 3094 refragatione,
752 3014 954 3094 duobusque
984 3013 1255 3094 quibuscumque

204 3112 397 3176 decreuerit
422 3122 501 3194 post
528 3121 655 3177 metam
677 3114 807 3196 proprii
829 3114 907 3176 aeui
929 3112 1132 3176 cleronomis
1154 3110 1257 3173 relin-

207 3219 307 3294 quat,
325 3212 491 3294 finitoque
520 3214 657 3277 illorum
683 3214 776 3277 uitae
802 3212 984 3288 curriculo,
1004 3212 1047 3275 ad
1066 3231 1165 3274 usum
1190 3212 1252 3293 pri-

206 3311 312 3375 matis
337 3313 374 3375 in
392 3311 716 3394 Wiogornaceastre
741 3313 860 3377 redeat
886 3313 1035 3375 inmunis
1059 3311 1255 3376 aecclesiae.

208 3411 265 3476 Sit
287 3420 402 3476 antem
422 3413 634 3495 praedictum
658 3435 717 3478 rus
743 3413 887 3476 liberum
914 3414 958 3475 ab
979 3412 1071 3474 omni
1092 3411 1259 3475 mundiali

208 3512 365 3588 seruitio,
388 3531 465 3575 cum
489 3514 632 3596 campis
660 3513 770 3591 siluis,
792 3514 913 3595 pratia,
939 3511 1089 3593 pascuis
1112 3519 1259 3592 excepta

208 3619 352 3677 sanctae
374 3611 429 3675 dei
450 3613 612 3677 basilicae
634 3613 910 3696 suppeditatione
930 3632 970 3675 ac
995 3610 1258 3674 ministratione.

210 3711 295 3775 Hoc
311 3713 438 3795 qnippe
454 3733 517 3795 per
530 3714 794 3796 omnipatrantis
808 3714 917 3776 nostri
935 3713 1120 3776 saluatoris
1138 3712 1257 3793 flagito

210 3832 255 3876 ac
278 3813 472 3877 omnimodo
496 3833 601 3896 posco
626 3814 851 3891 maiestatem,
875 3820 915 3877 ut
940 3833 1039 3876 nemo
1064 3820 1258 3876 nostrorum

210 3932 464 3989 successorum,
483 3913 629 3977 alicuius
652 3914 824 3991 suasione,
847 3914 936 3977 banc
964 3920 1116 3977 nostram
1144 3913 1259 3976 flocci-

209 4013 342 4096 pendat
369 4013 427 4076 uel
452 4013 609 4078 immutet
635 4015 926 4079 donatiunculam.
980 4014 1017 4077 Si
1043 4013 1120 4094 quis
1145 4020 1260 4076 autern

210 4120 401 4178 contumax
426 4113 625 4179 cerebellis
654 4115 717 4180 boc
743 4122 897 4178 nostrum
922 4115 1048 4177 donum
1071 4113 1262 4176 decreuerit
