2858 4890
349 377 523 425 onsurae
544 376 886 425 aucrosaxoarcas.
1083 363 1149 428 285

95 532 247 610 unculas,
266 534 304 597 in
324 533 402 598 loco
423 535 484 617 qni
506 535 551 598 ab
572 535 743 616 indigenis
762 546 799 599 at
818 535 1038 619 Risenburga
1058 557 1145 600 nun-

94 641 238 715 cupatur
258 635 451 710 uocabulo;
473 634 536 698 sed
559 642 595 700 et
613 635 679 698 hoc
698 634 856 700 fidelibus
868 637 1090 719 quibuslibet,
1109 647 1147 701 ut

93 735 320 797 necessarium
339 736 570 810 aestimamus,
585 736 745 800 intimare
770 756 931 799 curamus
953 756 1024 819 qua
1048 756 1147 819 prae-

92 833 219 898 dictum
236 855 296 898 rus
312 837 400 899 serie
413 835 450 898 in
467 836 641 917 propriam
660 836 808 918 praelati
824 837 977 919 episcopi
994 844 1147 918 potesta-

93 942 157 997 tem
181 953 384 999 concessum
410 943 497 999 erat.
548 934 636 999 Cum
667 937 757 999 enim
784 956 871 1018 gens
896 955 1035 1019 pagana
1056 936 1148 1000 Can·

93 1034 174 1098 tiam
189 1034 264 1097 suis
279 1034 527 1099 stomachando
542 1035 704 1099 caedibus
718 1034 918 1100 deuastaret
931 1046 966 1100 et
977 1036 1148 1100 hostiliter

91 1133 271 1198 bachando
286 1133 428 1211 deleret,
441 1135 688 1217 promittebant
701 1156 739 1199 sc
755 1136 799 1200 ad
815 1135 1017 1199 aecclesiam
1034 1138 1147 1200 sancti

93 1233 292 1311 saluatoris,
323 1252 414 1317 qnae
442 1235 480 1298 in
513 1234 769 1300 Dorouernensi
805 1236 948 1299 ciuitate
990 1237 1060 1299 sita
1094 1245 1149 1301 est

92 1332 213 1410 ituros,
232 1341 267 1397 et
282 1353 358 1397 eam
375 1334 449 1398 suis
464 1335 632 1399 incendiis
647 1335 802 1399 funditus
819 1336 944 1412 delere,
961 1337 1027 1399 nisi
1042 1356 1146 1419 pecu-

93 1433 159 1510 nia,
175 1452 268 1515 quae
292 1434 342 1498 eis
367 1435 412 1498 ab
433 1435 692 1518 archiepiscopo
708 1436 817 1499 Sirico
837 1437 1008 1518 promissa
1024 1435 1148 1512 fuerat,

93 1532 294 1616 adplenum
312 1533 464 1599 daretur.
509 1533 611 1599 Unde
629 1535 746 1598 multis
767 1535 922 1616 agitatus
946 1536 1150 1600 ancxietati-

94 1632 157 1696 bus
178 1632 468 1717 archiepiscopus,
482 1653 560 1698 cum
583 1654 646 1698 nec
668 1653 774 1697 unum
793 1635 1032 1699 tantummodo
1049 1655 1149 1698 num·

96 1751 189 1796 mum
210 1732 364 1811 haberet,
388 1734 467 1797 iniit
491 1734 684 1810 consilium,
711 1742 746 1797 et
765 1735 905 1798 mittens
927 1735 971 1798 ad
993 1736 1148 1817 praesul-

96 1851 146 1896 em
155 1833 361 1915 praelatum,
374 1834 564 1897 AEscwinm
573 1833 744 1911 uidelicet,
753 1843 788 1898 et
803 1854 880 1898 eum
893 1833 1011 1897 multis
1022 1837 1149 1899 obnixe

96 1933 269 2015 rogitabat
286 1934 444 2015 precibus
456 1952 526 2016 quo
547 1934 613 1997 sibi
628 1934 821 2017 pecuniam,
835 1954 925 2016 quae
942 1935 1072 2011 deerat,
1087 1956 1149 2018 pro

95 2033 145 2097 sui
168 2033 298 2097 amoris
320 2032 500 2115 diligentia
523 2032 681 2110 donaret,
703 2041 739 2098 et
765 2034 976 2098 antedictum
999 2054 1058 2098 rus
1080 2055 1149 2117 quo

95 2131 125 2197 in
141 2153 209 2197 suo
234 2133 417 2215 potestatis
433 2133 576 2197 arbitrio
598 2154 661 2216 pro
676 2134 741 2197 hac
758 2135 914 2216 accipere
936 2154 1005 2196 non
1028 2155 1150 2198 renue·

94 2242 141 2298 ret
171 2233 284 2297 multa
310 2253 412 2316 prece
444 2232 610 2315 deposcit.
677 2233 780 2298 Unde
814 2234 941 2297 talibus
976 2243 1150 2316 permotus

92 2333 242 2398 miseriis
258 2333 434 2416 praelatus
448 2334 586 2415 praesul
606 2342 750 2417 accepta
767 2335 925 2417 pecunia,
949 2336 1150 2416 nonaginta,

91 2433 269 2511 uidelicet,
294 2433 400 2497 libras
428 2433 512 2497 meri
544 2435 680 2516 argenti
706 2435 942 2516 ducentasque
975 2437 1150 2517 purissimi

88 2534 171 2599 auri
194 2552 389 2610 mancusas,
409 2554 471 2616 per
492 2534 629 2598 eosdem
657 2535 802 2598 nuncios
827 2535 952 2615 quibus
980 2535 1150 2618 perlatum

85 2634 216 2699 estad
245 2632 538 2716 archiepiscopum
566 2635 706 2698 mittens
735 2654 939 2698 consensum
968 2637 1151 2717 praebuit;

82 2754 165 2819 qua
201 2740 357 2814 accepta,
397 2733 677 2816 archiepiscopus
709 2733 884 2798 accersitis
917 2734 1075 2797 hostibus
1108 2735 1150 2798 ad

80 2836 236 2918 plenum
261 2832 420 2915 praebuit
441 2834 534 2915 quod
555 2841 636 2897 ante
651 2835 810 2916 quamuis
824 2841 965 2898 coactus
982 2834 1152 2916 promisit,

80 2944 123 3000 et
151 2934 283 2997 librum
307 2933 397 2996 ruris
419 2932 567 3016 praefati
594 2953 648 2997 me
677 2942 857 3016 praesente
880 2935 1034 3015 meisque
1060 2935 1151 3015 opti·

78 3032 247 3101 motibus
269 3032 503 3097 testimonium
534 3034 777 3116 praebentibus
807 3034 970 3115 episcopo
999 3034 1154 3115 AEscwig

80 3132 324 3201 libentissimo
341 3132 495 3196 tribuens
513 3132 656 3197 donauit
678 3134 803 3208 animo,
822 3142 861 3196 ut
879 3132 1005 3196 habeat
1022 3142 1056 3197 et
1074 3153 1154 3215 pos-

79 3234 210 3300 sideat
236 3231 401 3312 quamdiu
426 3251 464 3295 se
486 3252 562 3296 essa
589 3232 864 3315 praesentialiter
886 3239 1096 3314 cognoscat3
1120 3241 1155 3297 et

83 3340 178 3419 post
211 3349 250 3394 se
281 3330 420 3395 haeredi
450 3333 505 3395 cni
539 3333 687 3395 uoluerit
719 3333 897 3397 concedat.
954 3332 1007 3398 Sit
1038 3341 1154 3397 autem

81 3429 313 3518 praedictum
338 3450 398 3494 rus
421 3432 465 3495 ab
487 3432 580 3495 omni
606 3432 772 3496 mundiali
793 3433 972 3497 obstaculo
997 3433 1154 3509 liberum,

84 3552 177 3598 cum
205 3530 363 3615 omnihus
387 3550 476 3612 quae
500 3531 544 3594 ad
567 3552 604 3595 se
630 3533 801 3614 pertinere
826 3532 1063 3608 dinoscuntur,
1083 3539 1154 3596 tam

85 3634 130 3696 in
154 3630 294 3711 magnis
318 3638 427 3712 'quam
451 3630 486 3692 in
514 3631 657 3695 modicis
689 3632 803 3708 rebuS,
833 3632 975 3712 campis,
1004 3632 1154 3713 pascuis,

87 3731 222 3816 pratis,
248 3727 359 3806 siluis,
381 3731 536 3812 exceptis
563 3730 638 3793 istis
659 3732 777 3805 tribue,
803 3731 1034 3813 expeditione,
1060 3732 1156 3795 uide·

88 3832 192 3907 lieet,
208 3828 325 3911 pontis
350 3829 484 3892 arcisue
503 3829 792 3894 coaedificatione.
845 3830 909 3893 Est
925 3837 1038 3893 autem
1060 3851 1158 3912 prae-

92 3932 231 3995 dictum
246 3945 305 3990 rus
331 3926 458 3991 talibus
479 3928 759 3993 circumcinctum
783 3931 937 3993 terminis
959 3931 1019 4011 qui
1045 3932 1156 3995 conti-

95 4037 225 4093 nentur
251 4027 288 4089 in
314 4026 474 4108 originali
495 4027 660 4092 codicello
696 4029 764 4092 isto
786 4029 894 4092 literis
917 4028 1097 4091 Saxonicis
1120 4037 1155 4094 et

94 4127 273 4193 Saxonico
289 4126 453 4191 idiomate
470 4128 668 4209 conscripti,
686 4135 749 4191 etc.
791 4128 895 4192 Hanc
917 4148 1000 4191 sane
1017 4136 1156 4192 nostrae
