2858 4890
267 357 311 421 56
521 375 695 441 cunum}
717 372 1062 423 Anonosnxortlcns.

325 530 457 612 ›14Eg0
481 530 623 613 Eadgar
648 527 842 612 Anglorum
869 529 1076 595 monarchus
1102 530 1168 594 hoc
1193 529 1322 594 donum

269 630 369 712 agiae
396 631 508 694 crucis
537 638 692 695 taumate
719 631 893 696 roboraui.
951 629 1083 711 ›14Ego
1111 629 1319 694 Dunstanus

269 730 548 813 archiepiscopus
561 730 731 795 consensi.
790 733 828 813 ›1‹
844 730 920 810 Ego
936 729 1080 794 Osketel
1091 730 1321 794 Eboracensis

270 829 550 914 archiepiscopus
574 830 743 896 consensi.
808 830 847 911 ›1‹
863 830 939 912 Ego
957 828 1137 895 AEbelstan
1156 830 1322 894 Lundon-

271 930 376 993 iensis
399 931 581 1013 episcopus
612 932 782 995 consensi.
841 929 971 1012 ›14Ego
995 927 1185 995 AEbelwnlf
1211 929 1324 994 Here-

272 1029 441 1094 fordensis
457 1031 640 1114 episcopus
664 1031 834 1095 consensi.
901 1032 940 1112 ›1‹
958 1030 1035 1112 Ego
1052 1031 1176 1094 AElfric
1203 1031 1323 1094 abbas.

277 1131 317 1211 ›1‹
335 1129 410 1211 Ego
434 1129 549 1212 Osgar
572 1132 692 1196 abbas.
749 1131 880 1214 ›14Ego
901 1130 1008 1195 Oslac
1028 1131 1101 1195 dux
1123 1130 1324 1213 subscripsi.

277 1231 317 1311 ›1‹
335 1230 411 1312 Ego
427 1230 558 1296 AElfere
574 1231 646 1295 dux
659 1231 860 1314 subscripsi.

707 1526 893 1592 nnxrrr.

620 1647 863 1756 *uincla
885 1676 974 1743 970.¹

442 1828 719 1895 OMNtPoruNrrs
731 1829 786 1893 dei
802 1834 1006 1893 cunctorum
1021 1833 1159 1911 sceptra
1174 1829 1327 1910 regentis

274 1823 623 2079 ffimoderamine
646 1950 777 2013 regum,
800 1930 904 1993 immo
933 1929 1041 1993 totins
1072 1928 1202 1992 saeculi
1231 1949 1326 1993 crea·

391 2038 557 2114 turaeqne
589 2038 735 2096 cunetae
764 2028 994 2093 indissolubili
1023 2028 1190 2109 regimine
1216 2048 1327 2113 aeque

275 2131 500 2212 gubernantis
525 2130 690 2210 habenas,
715 2130 824 2214 ipsius
851 2137 939 2193 nutu
961 2137 997 2193 et
1018 2129 1133 2208 gratia
1153 2129 1327 2208 suffultus,

276 2229 353 2311 Ego
373 2230 555 2313 Eadgarus
573 2232 723 2296 basileus
740 2231 885 2295 dilectae
901 2229 1036 2293 insulae
1055 2226 1226 2307 Albionis,
1244 2231 1326 2294 sub-

274 2330 355 2394 ditis
371 2332 471 2395 nobis
487 2333 632 2414 sceptris
648 2332 840 2408 Scotorum,
862 2330 1159 2411 Cumbrornmque
1173 2348 1213 2392 ac
1232 2330 1327 2395 Brit-

275 2437 395 2494 tonum
418 2440 453 2495 et
473 2433 625 2496 omniurn
654 2432 875 2496 circumcirca
896 2430 1075 2513 regionum
1100 2430 1216 2511 quiete
1239 2450 1326 2513 pace

275 2530 465 2613 perfruens,
496 2532 671 2596 studiosus
710 2531 857 2595 sollicite
890 2531 932 2594 de
968 2530 1127 2593 laudibus
1160 2531 1325 2595 creatoris

275 2631 427 2694 omnium
450 2651 601 2713 occupor
625 2631 802 2709 addendis,
819 2650 863 2694 ne
884 2637 1004 2694 nostra
1025 2629 1162 2708 inertia,
1178 2632 1323 2695 nostris·

276 2751 343 2813 que
354 2731 474 2795 diebus
488 2732 564 2814 plus
579 2752 691 2815 aequo
706 2732 856 2796 seruitus
869 2731 943 2795 eius
958 2736 1133 2813 tepescere
1144 2729 1325 2813 uideatur-3

275 2831 335 2894 sed
353 2851 476 2913 greges
487 2832 732 2896 monachorum
747 2839 782 2895 et
797 2830 1110 2895 sanctimonialium
1126 2830 1192 2894 hac
1207 2839 1326 2897 nostra

274 2939 493 3014 tempestate,
510 2933 587 3014 ipso
605 2932 799 3015 opitulante
816 2933 874 3015 qui
898 2951 935 2995 se
957 2931 1136 2999 nobiscum
1158 2950 1269 3014 usqne
1289 2933 1324 2996 in

275 3031 375 3095 finem
404 3033 533 3096 saeculi
559 3053 698 3099 manere
730 3033 931 3115 promittere
959 3032 1214 3112 dignatusest,
1250 3032 1325 3097 ubi-

274 3151 341 3213 que
367 3133 404 3195 in
428 3152 535 3214 regno
561 3140 681 3197 nostro
707 3133 852 3196 desertis
885 3131 1103 3196 monasteriis
1130 3132 1324 3214 antiquitus

274 3230 328 3294 dei
351 3232 520 3296 famulatu
543 3233 734 3310 deficiente,
758 3253 850 3297 nunc
874 3232 1113 3308 reuiuiscente,
1138 3231 1326 3314 adsurgere

275 3331 431 3412 cupimus
447 3334 512 3396 sub
528 3334 640 3398 sancti
657 3333 838 3396 Benedicti
861 3332 997 3397 abbatis
1014 3330 1136 3413 regula
1154 3332 1326 3412 uiuentes

274 3431 437 3512 quatinus
459 3432 598 3496 illorum
624 3440 768 3515 precatu
795 3440 831 3496 et
852 3433 994 3514 uigente
1016 3432 1181 3513 religione
1202 3442 1326 3499 sancta

273 3531 423 3594 seruitus
440 3532 495 3595 dei
510 3550 574 3596 nos
589 3533 703 3614 ipsum
719 3533 895 3615 placatum
912 3538 1079 3597 rectorem
1095 3532 1221 3596 habere
1240 3554 1325 3616 que·

273 3649 382 3694 amus.
442 3631 544 3695 Unde
569 3632 765 3716 frequentes
798 3633 950 3697 monitus
975 3632 1183 3697 uenerabilis
1205 3632 1324 3698 AEbel-

273 3731 391 3794 unoldi
406 3731 559 3814 episcopi
573 3733 778 3797 cordetenus
795 3739 1013 3815 pertractans
1030 3733 1132 3815 cupio
1154 3732 1325 3800 honorare

271 3829 337 3893 hoc
363 3831 556 3914 priuilegio,
584 3835 755 3917 rebusque
782 3833 931 3916 copiosis
957 3834 1202 3898 monasterium
1231 3836 1324 3917 qnod

308 4022 315 4054 ¹
332 4025 385 4074 The
404 4026 478 4074 Latin
489 4026 589 4076 version
604 4027 634 4076 oi
648 4027 699 4076 this
716 4027 825 4089 chnrter,
839 4026 924 4076 which
945 4038 1027 4075 seems
1037 4030 1063 4075 to
1080 4041 1120 4075 me
1136 4040 1204 4075 more
1220 4027 1325 4078 modern

269 4095 329 4144 than
341 4095 383 4144 the
394 4096 478 4144 Saron
490 4097 573 4146 which
586 4099 685 4147 follows
693 4100 722 4157 it,
732 4098 755 4146 is
767 4098 909 4159 peculiarly
927 4097 969 4146 the
982 4098 1066 4160 object
1073 4097 1102 4146 oi
1107 4097 1246 4158 suspicion.
1270 4099 1324 4148 'l'he

269 4167 353 4215 Sason
365 4165 463 4215 charter
473 4167 545 4217 itsoll
553 4169 627 4217 hears
638 4169 725 4217 marks
737 4167 766 4216 ol
774 4168 950 4228 authenticity.
