2858 4890
438 371 609 420 cusurun
635 373 978 422 uuonosuxorucun.
1171 361 1236 422 155

187 525 315 609 duplici
330 536 446 610 pastu,
457 530 613 594 nutriant
624 530 880 606 monachornm,
895 531 986 595 sicut
1002 531 1131 595 nostris
1147 540 1233 594 tem-

185 628 325 708 poribus
352 647 415 710 per
433 629 640 710 sapientium
663 630 859 694 ordinatum
890 639 944 694 est
970 631 1235 713 prouidentiam,

185 733 219 789 et
235 727 402 792 alimenta
415 747 458 791 ex
472 727 709 793 Ciltancumbe
723 730 900 794 monachis
912 730 1050 812 copiose
1067 731 1233 808 tribuant,

184 832 219 888 et
248 826 324 889 sine
357 827 430 890 ulla
457 829 664 893 retractione
695 829 850 893 hilariter
888 831 1160 906 subministrent,
1199 837 1234 893 et

185 923 313 988 nullius
337 927 524 991 nimietatis
546 927 784 1009 inquietudine
799 931 1021 1011 perturbeut3
1047 949 1091 992 ne
1117 949 1139 992 a
1160 929 1234 992 uita

184 1023 350 1102 theorica,
365 1026 421 1089 uel
444 1025 669 1091 immoderata
684 1029 914 1110 superfluitas,
934 1029 990 1092 uel
1008 1028 1234 1094 intolerabilis

184 1131 384 1205 paupertas,
410 1144 488 1188 cum
515 1146 643 1208 magno
672 1129 778 1191 animi
802 1128 1006 1192 detrimento
1028 1128 1108 1191 illos
1139 1146 1233 1192 amo·

186 1230 279 1300 ueat,
305 1225 422 1288 omnia
454 1225 491 1287 in
524 1227 621 1290 uictu
650 1234 687 1290 et
714 1227 844 1292 uestitu
875 1227 1062 1292 secundum
1094 1227 1234 1308 regulae

186 1322 359 1387 modificet
375 1333 607 1408 praeceptum.
653 1325 756 1390 Certe
773 1327 929 1390 canonici
951 1327 1042 1391 omni
1064 1327 1234 1389 uiciorum

184 1441 296 1485 naeuo
321 1423 507 1506 deturpati,
533 1426 627 1490 inani
652 1426 763 1506 gloria
789 1426 923 1503 tumidi,
947 1426 1098 1489 inuidiae
1125 1425 1234 1489 liuore

184 1522 304 1599 tabidi,
329 1523 561 1606 philargyriae
589 1525 732 1589 maculis
756 1526 944 1601 obcaecati,
968 1525 1127 1588 luxuriae
1150 1524 1235 1588 saci-

184 1620 248 1683 bus
275 1621 385 1699 libidi,
406 1624 510 1704 gulae
533 1624 730 1690 omnimodo
756 1625 874 1700 dediti,
900 1625 973 1704 regi
999 1632 1134 1687 terreno
1164 1643 1233 1687 non

186 1721 348 1803 episcopo
364 1724 521 1800 subiecti,
536 1724 681 1807 praelati
699 1725 789 1787 ruris
806 1743 871 1787 usu
888 1732 1053 1786 ueterano
1070 1722 1233 1787 moderno

185 1826 339 1903 tempore
360 1824 590 1904 pascebantur
604 1824 786 1887 alimentis.
832 1823 1042 1886 Ebrietatem
1065 1822 1233 1903 siquidem

185 1927 219 1982 et
241 1919 427 1984 homicidia
455 1930 640 1998 sectantes,
660 1923 824 2003 coniuges
848 1941 931 1984 suas
957 1923 1105 2004 turpiter
1128 1922 1234 1984 nimia

186 2027 220 2082 et
236 2019 403 2083 inusitata
418 2020 559 2085 libidine
580 2021 840 2104 amplectentes,
857 2021 1059 2084 aecclesiam
1080 2020 1135 2082 dei
1154 2038 1232 2083 raro

185 2126 221 2182 et
234 2119 399 2200 perpauci
418 2119 635 2202 frequentare
656 2121 830 2195 uolebant,
849 2140 911 2182 nec
936 2119 1038 2183 horas
1061 2119 1234 2183 celebrare

183 2218 367 2281 canonicas
385 2218 638 2299 dignabantur:
673 2240 742 2302 quo
765 2228 863 2283 reatu
890 2220 1007 2283 eiectis
1030 2239 1107 2282 cum
1132 2238 1233 2300 prae-

184 2316 298 2398 posito
320 2319 505 2396 canonicis,
523 2326 558 2382 et
579 2319 756 2384 eliminata
776 2319 1028 2383 immundorum
1051 2319 1233 2401 spurcicia,

184 2416 343 2480 monachi
367 2419 404 2481 in
426 2419 506 2483 sede
531 2420 711 2483 constituti
730 2427 810 2483 sunt
826 2419 1026 2502 episcopali,
1044 2420 1105 2501 qui
1131 2437 1227 2482 sanc·

184 2517 229 2579 tis
255 2517 414 2582 adornati
440 2519 640 2595 uirtutibus,
669 2518 863 2583 hnmilitate
885 2520 1073 2601 praecipui,
1092 2519 1233 2600 uigiliis,

184 2615 320 2699 hymnis
342 2624 377 2680 et
401 2619 612 2682 orationibus
635 2618 776 2695 assidui,
793 2619 1003 2683 abstinentia
1027 2619 1144 2694 macti,
1161 2637 1234 2681 cas·

183 2716 285 2779 titate
303 2717 485 2799 perspicui,
507 2717 659 2799 legitime
685 2718 851 2794 uiuerent,
874 2725 910 2780 et
931 2718 1132 2799 obsequium
1155 2737 1233 2781 aec·

183 2815 308 2880 clesiae
340 2817 545 2898 regulariter
577 2817 768 2900 implerent.
837 2817 935 2881 Rura
965 2818 1096 2898 absque
1127 2817 1232 2881 dubio

184 2915 342 2997 superius
371 2923 492 2981 notata
518 2937 685 2981 renouare
710 2917 880 2981 beneuola
903 2917 1008 2980 studii
1030 2917 1231 2993 intentione,

183 3021 218 3077 et
245 3034 334 3096 quae
363 3014 490 3080 iniuste
519 3018 695 3081 abstracta
720 3016 869 3093 fuerant,
890 3017 1036 3080 Duntnn
1060 3015 1233 3093 uidelicet,

184 3113 339 3190 Tantun,
357 3113 548 3193 Alressord,
566 3116 933 3193 elemosmarum,
951 3113 1118 3196 Uuorbig
1138 3113 1232 3178 Fun·

186 3214 269 3290 teal,
287 3212 406 3291 Stoke,
422 3214 654 3293 Fermesham,
664 3216 851 3280 aecclesiae
868 3216 923 3280 dei
940 3215 1086 3279 deuotus
1102 3233 1233 3278 ammo-

185 3313 268 3376 dum
288 3313 366 3377 ideo
388 3315 535 3393 restitui,
554 3322 593 3379 ut
610 3315 673 3380 tali
692 3322 727 3379 et
753 3322 824 3379 tam
841 3316 1035 3379 necessario
1057 3315 1233 3378 iocundati

185 3413 431 3491 additamento,
447 3415 703 3493 monachorum,
714 3415 853 3480 Christo
872 3415 1011 3478 humani
1027 3415 1162 3495 generis
1179 3434 1233 3477 re-

185 3512 355 3595 demptor-i
381 3513 526 3579 fideliter
547 3523 709 3597 casteque
734 3516 969 3591 seruientium,
985 3532 1124 3595 gregem
1150 3514 1233 3577 iaci-

185 3612 251 3676 lius
285 3612 514 3695 libentiusque
548 3622 741 3698 pascerent,
774 3615 856 3678 dum
893 3613 1057 3696 praefatis
1097 3614 1232 3677 ruribus

186 3711 344 3788 sublatis,
371 3715 528 3780 canonici
560 3715 708 3796 turpiter
739 3722 860 3779 contra
898 3714 951 3777 sas
985 3713 1233 3795 inhonestaque

185 3811 360 3893 degentes,
374 3813 411 3875 in
428 3820 501 3878 tam
517 3814 657 3896 angusti
672 3833 785 3877 rerum
804 3815 1019 3896 possessione
1033 3832 1097 3876 usu
1117 3832 1234 3893 pasce-

184 3913 311 3975 bantur
337 3921 513 3995 perpetuo.
564 3914 716 3979 Alantur
738 3915 845 3995 igitur
871 3914 974 3977 solito
996 3911 1166 3988 monachi,
1189 3913 1233 3975 ab

185 4010 285 4074 huius
303 4012 397 4076 uitae
412 4015 504 4077 curis
523 4013 656 4090 remoti,
671 4014 760 4077 unde
775 4013 955 4077 alebantur
972 4012 1140 4088 canonici,
1155 4032 1232 4075 cum

185 4111 351 4177 auiditate
383 4112 489 4177 nimia
520 4116 611 4179 curis
642 4115 737 4180 uitae
770 4114 941 4179 recidiuae
973 4113 1118 4176 intenti:
1151 4132 1231 4175 rura
