2858 4890
469 395 642 444 cunum
668 395 1008 444 succosnxorucnu.
1185 383 1252 447 325

195 550 318 616 tionem
340 553 451 630 educi,
468 574 580 619 arcem
606 575 669 619 seu
690 564 831 638 pontem
854 556 1092 636 redintegrari.
1144 555 1189 620 Et
1207 576 1250 620 ue

193 653 367 717 fastidium
388 654 513 719 faciam
536 656 571 719 in
594 654 802 738 multiloquii
827 656 1101 738 prolongatione,
1129 676 1247 720 omnes

192 751 368 838 Christum
396 755 556 819 timentes
584 775 645 837 per
669 755 744 819 eius
771 755 892 818 adiuro
919 756 1186 833 crucifixionem,
1206 777 1248 820 ne

191 853 362 935 quispiam
394 854 553 918 elationis
584 855 727 919 inflatus
768 855 953 937 supercilio
992 855 1056 919 hoc
1091 864 1245 921 nostrum

190 972 315 1017 munus
341 954 433 1036 quod
459 954 523 1018 deo
553 954 664 1037 optuli
693 962 860 1032 euertere,
888 976 950 1019 seu
976 956 1012 1018 in
1043 956 1136 1020 aliud
1162 956 1245 1039 quid

190 1059 422 1119 transmutare
443 1055 500 1119 uel
515 1054 669 1119 minuere
694 1063 906 1138 praesumat,
925 1062 1066 1119 seruata
1090 1065 1246 1121 aeterna-

189 1152 265 1217 liter
290 1173 314 1217 a
340 1155 474 1218 cunctis
499 1153 602 1218 huius
626 1155 843 1219 institutione
869 1155 1054 1238 priuilegii.
1104 1155 1142 1220 Si
1167 1159 1245 1239 quis

189 1262 304 1317 autem
322 1253 388 1319 hoc
410 1262 565 1319 nostrum
584 1255 710 1318 donum
729 1273 857 1336 augere
879 1254 1062 1333 studuerit,
1076 1264 1246 1338 augeatur

189 1354 219 1415 ei
234 1353 574 1420 aeteruafoelicitas.
626 1354 697 1434 Qui
719 1374 802 1418 uero
829 1362 984 1417 euertere
1007 1374 1067 1418 seu
1091 1357 1126 1418 in
1149 1356 1244 1420 aliud

190 1453 375 1518 transferre
396 1454 577 1536 satagerit,
594 1455 813 1538 duplicentur
837 1454 888 1517 illi
916 1473 993 1517 cum
1016 1454 1107 1519 Iuda
1128 1457 1243 1538 prodi·

189 1561 262 1617 tore
278 1573 412 1637 poenae
429 1554 625 1632 infernales
651 1556 716 1618 nisi
742 1554 887 1619 celerius
909 1574 986 1617 cum
1010 1556 1242 1636 poenitentiae

188 1654 343 1736 singultu
366 1674 387 1719 a
409 1674 473 1719 sua
496 1654 676 1737 resipiscat
694 1654 866 1718 fatuitate.
919 1653 1057 1735 Scripta
1073 1655 1241 1737 siquidem

186 1761 240 1818 est
257 1754 343 1819 haec
366 1754 501 1820 cartula
530 1775 620 1819 anno
644 1754 835 1818 dominicae
862 1754 1109 1817 incarnationis
1133 1755 1241 1818 mille-

187 1853 273 1918 simo
308 1855 471 1933 secundo,
516 1854 582 1918 hiis
630 1855 786 1918 unanimi
829 1854 1106 1936 conspirantibus
1143 1856 1240 1919 testi·

186 1955 301 2018 monio
317 1975 462 2037 quorum
481 1954 621 2018 inferius
638 1956 896 2037 subsequuntur
911 1964 1081 2018 onomata.

241 2056 281 2136 »14
300 2055 378 2136 Ego
396 2054 560 2120 AE'delred
578 2075 640 2118 rex
658 2053 850 2137 Anglorum
876 2053 942 2117 hoc
958 2074 1083 2117 munus
1102 2054 1241 2118 Christo

186 2153 311 2219 deuote
333 2155 479 2219 offerens
508 2175 550 2220 ne
577 2155 694 2219 forsan
725 2163 864 2238 postero
891 2161 1045 2236 ternpore
1075 2155 1240 2218 obliuioni

186 2254 380 2319 traderetur
411 2254 476 2319 hac
511 2254 652 2319 scedula
690 2255 823 2318 titulari
854 2253 1026 2316 mandaui.
1101 2255 1141 2336 »14
1164 2253 1240 2335 Ego

187 2354 372 2420 AEtielstan
389 2355 481 2419 filius
497 2355 600 2438 regis.
657 2356 697 2437 »14
715 2355 791 2436 Ego
818 2353 996 2437 Ecgbyrht
1021 2352 1113 2416 filius
1135 2354 1239 2435 regis.

191 2454 324 2538 »14Εςο
343 2455 525 2519 Eadmund
550 2455 642 2519 filius
665 2456 768 2536 regis,
839 2455 879 2536 »14
895 2453 971 2535 Ego
989 2452 1126 2517 Eadred
1148 2454 1240 2517 filius

184 2557 288 2637 regis
345 2557 385 2638 »14
404 2555 481 2638 Ego
499 2555 646 2636 Eadwig
660 2555 752 2618 filius
778 2555 881 2635 regis
938 2556 976 2634 »14
999 2553 1074 2634 Ego
1100 2553 1241 2636 Eadgar

185 2654 274 2719 filius
306 2657 410 2738 regis.
500 2657 539 2738 »14
561 2656 637 2737 Ego
661 2655 784 2719 AElsric
815 2653 1094 2736 archiepiscopus
1124 2662 1164 2718 ut
1189 2654 1240 2718 ita

185 2756 281 2821 fieret
306 2757 453 2821 sollicite
486 2754 664 2820 desudaui.
745 2756 785 2836 »14
807 2754 883 2836 Ego
910 2753 1054 2817 Ealdulf
1074 2753 1241 2837 archiepi-

184 2875 311 2940 scopus
338 2857 508 2939 adquieui.
566 2858 606 2939 »14
628 2855 705 2938 Ego
723 2854 882 2937 Ealphau
910 2854 1093 2936 episcopus
1116 2863 1239 2917 annot·

185 2957 252 3021 aui.
311 2959 350 3040 »14
367 2956 443 3039 Ego
457 2955 621 3022 Uulfstan
647 2956 830 3038 episcopus
854 2953 1047 3035 adsignaui.
1105 2955 1143 3033 »14
1163 2952 1239 3033 Ego

184 3056 264 3121 AElf
265 3056 353 3121 heah
370 3058 553 3140 episcopus
567 3055 727 3120 adunaui.
779 3058 818 3136 »14
834 3054 909 3136 Ego
919 3051 1071 3117 Brihtric
1084 3053 1239 3135 episcop-

183 3172 223 3221 us
255 3158 404 3222 adsensi.
478 3159 517 3240 »14
540 3156 617 3238 Ego
646 3154 776 3219 Saxulf
800 3155 982 3236 episcopus
1013 3151 1142 3216 addixi.
1194 3154 1233 3235 »14

185 3259 261 3340 Ego
277 3257 422 3340 ngine
449 3258 632 3340 episcopus
658 3255 849 3319 adfirmaui.
914 3257 953 3335 »14
974 3253 1050 3334 Ego
1069 3251 1239 3317 Godwiue

183 3359 366 3442 episcopus
389 3358 506 3422 annui.
577 3357 616 3438 »14
636 3355 712 3438 Ego
731 3354 896 3418 AElfwold
926 3354 1119 3436 episcopus.
1193 3355 1233 3436 »14

184 3460 261 3542 Ego
278 3458 457 3541 Ordbyrht
473 3457 667 3540 episcopus.
724 3457 763 3535 »14
782 3454 858 3537 Ego
877 3453 1029 3518 AElfstan
1045 3453 1237 3536 episcopus.

187 3561 227 3642 »14
242 3559 319 3642 Ego
335 3558 490 3624 AEtlelric
507 3557 701 3639 episcopus.
759 3558 797 3636 »14
817 3554 892 3636 Ego
910 3552 1068 3635 sigefers
1083 3555 1239 3636 episcop-

182 3681 235 3725 us.
324 3661 364 3742 »14
386 3658 463 3740 Ego
498 3655 686 3721 AEllweard
720 3655 838 3718 abbas.
912 3656 950 3734 »14
974 3652 1050 3734 Ego
1086 3653 1237 3717 Wllstan

182 3762 302 3826 abbas.
360 3762 398 3840 »14
423 3758 498 3838 Ego
517 3756 665 3837 AElfsige
683 3755 800 3818 abbas.
859 3756 897 3834 »14
917 3753 993 3834 Ego
1008 3751 1158 3816 AElfuric
1180 3755 1240 3817 ab·

181 3864 256 3926 bas.
315 3862 354 3940 »14
377 3857 454 3939 Ego
473 3856 631 3921 Keanulf
656 3856 774 3918 abbas.
832 3856 870 3934 »14
894 3852 970 3934 Ego
988 3852 1151 3916 AElfwold
1179 3855 1239 3918 ab·

181 3965 254 4026 bas.
293 3963 351 4041 ·»14
373 3958 449 4040 Ego
463 3956 611 4021 Godwin
630 3956 747 4019 abbas.
805 3957 843 4035 »14
862 3952 937 4034 Ego
953 3950 1101 4016 Wulfric
1119 3954 1237 4016 abbas.

187 4065 226 4146 »14
243 4061 320 4144 Ego
339 4059 477 4142 AElfgar
498 4058 615 4121 abbas,
683 4057 721 4135 »14
743 4054 819 4135 Ego
838 4053 993 4116 Willnoti
1020 4053 1136 4115 abbas.
1194 4055 1233 4133 »14

183 4164 260 4245 Ego
278 4159 403 4225 AElfric
433 4160 551 4223 abbas.
609 4159 647 4237 »14
667 4155 742 4237 Ego
761 4152 896 4217 Leofric
923 4154 1040 4217 abbas.
1107 4153 1146 4231 »14
1162 4152 1238 4234 Ego
