2858 4890
457 380 630 428 curaris
651 379 994 431 suonosaxomcnn.
1192 367 1257 432 199

651 585 804 652 noxe.
909 537 910 541 Ὺ

545 711 810 790 montano,
833 712 909 779 ess.

251 839 291 919 ›1‹
315 837 427 903 Nure
456 838 621 901 mutando
651 837 824 920 fragilitas
849 837 1005 901 mortalis
1035 838 1129 902 uitae
1160 859 1250 903 mar·

194 937 315 1014 cescit,
332 946 369 1003 et
384 938 535 1003 rotunda
557 939 783 1023 saeculorum¹
796 939 996 1002 uolubilitas
1013 939 1194 1016 inanescit,
1210 960 1252 1005 ac

193 1039 229 1101 in
267 1057 428 1103 carorum
466 1039 737 1122 propinquorum
775 1040 1031 1120 amicorumque
1068 1040 1251 1104 amissione

193 1141 441 1222 conquaeritur
466 1158 507 1203 ac
529 1138 692 1203 defletur!
761 1138 845 1202 Ideo
876 1160 941 1221 ego
957 1138 1119 1203 AEbelred
1143 1143 1251 1205 totius

194 1240 393 1304 Brittaniae
422 1239 574 1304 basileus
599 1239 774 1322 quandam
798 1247 977 1322 capturam
999 1241 1036 1303 in
1059 1259 1160 1305 amne
1177 1241 1248 1306 De·

192 1347 318 1404 rentan
337 1347 584 1418 constructum,
605 1359 696 1423 quae
713 1341 845 1404 usitato
860 1346 907 1404 aet
923 1340 1143 1405 Ginanhecce
1160 1362 1249 1408 nnn·

191 1447 343 1523 cupatur
380 1440 561 1520 uocabulo,
596 1449 632 1505 et
664 1442 826 1521 exiguam
868 1442 958 1505 ruris
993 1442 1248 1523 partiunculam

191 1541 391 1623 praedictae
427 1548 592 1623 capturae
625 1541 788 1624 piscatori
822 1548 927 1622 atque
957 1543 1172 1623 procuratori
1203 1544 1247 1607 ad

192 1661 276 1705 usus
293 1643 506 1705 necessarios
528 1649 659 1724 aptam,
678 1638 891 1705 AEbelwoldo
908 1642 991 1704 mihi
1008 1642 1248 1724 episcoporum

192 1743 384 1819 carissimo,
400 1749 569 1824 perpetua
591 1742 738 1823 largitus
761 1760 838 1803 sum
860 1741 1084 1818 haereditate,
1108 1750 1147 1807 ut
1171 1743 1246 1825 ipse

191 1844 265 1907 uita
294 1844 421 1906 comite
441 1843 516 1907 uoti
539 1860 680 1925 compos
699 1841 848 1920 babeat;
883 1849 918 1906 et
941 1849 1021 1923 post
1045 1843 1140 1905 uitae
1163 1862 1247 1908 suae

191 1944 376 2006 terminum
395 1943 658 2025 quibuscunque
675 1942 826 2006 uoluerit
842 1941 1045 2005 cleronomis
1059 1942 1245 2008 immunem

190 2044 422 2126 derelinquat.
473 2041 554 2106 Hoc
582 2050 697 2106 autem
722 2042 758 2105 in
783 2043 921 2106 nomine
945 2042 1057 2106 almae
1079 2044 1246 2108 trinitatis

190 2152 224 2209 et
238 2144 439 2208 indiuiduae
455 2143 600 2208 unitatis
618 2151 724 2225 atque
742 2143 778 2206 in
796 2143 1017 2206 ueneratione
1032 2150 1174 2207 sanctae
1191 2144 1246 2208 dei

189 2245 368 2326 genitricis
384 2263 586 2327 semperque
603 2244 748 2326 uirginis
772 2243 907 2307 Mariae
923 2251 957 2307 et
973 2244 1125 2307 omnium
1148 2262 1245 2308 sanc-

188 2353 304 2410 torum
332 2346 545 2426 angelorum,
565 2344 852 2427 patriarcharum,
876 2343 1135 2426 prophetarum,
1159 2363 1243 2427 apo-

188 2447 369 2523 stolorum,
401 2452 604 2528 martyrum,
644 2444 881 2509 consessorum
915 2451 950 2507 et
984 2444 1171 2525 uirginum,
1204 2453 1244 2509 ut

188 2567 289 2612 nemo
303 2565 541 2610 successorum
557 2565 710 2609 meorum
733 2564 796 2607 nec
819 2544 946 2625 aliquis
968 2543 1143 2607 hominum
1163 2546 1243 2609 alti·

189 2649 258 2712 oris
284 2647 343 2711 uel
364 2647 536 2712 inferioris
560 2645 689 2729 gradus
713 2645 818 2708 aliam
841 2654 1020 2725 capturam
1043 2644 1123 2708 huic
1146 2653 1242 2711 ante-

188 2768 315 2830 ponere
345 2766 367 2811 a
392 2748 468 2829 ripa
492 2766 602 2829 usque
622 2746 666 2809 ad
684 2746 794 2828 ripam
816 2744 888 2807 ullo
912 2745 1014 2808 modo
1030 2753 1241 2826 praesumat.

189 2847 292 2926 Quod
319 2849 350 2911 si
379 2847 456 2930 quis
482 2846 653 2911 diabolico
680 2847 864 2909 instinctus
894 2846 1018 2927 spiritu
1042 2865 1241 2928 praesump

188 2949 271 3013 serit
298 2948 485 3012 anathema
511 2948 569 3023 sit,
606 2954 640 3010 et
672 2946 738 3009 nisi
767 2944 1005 3009 satisfactione
1037 2947 1092 3009 sui
1125 2953 1241 3009 reatus

187 3048 356 3113 cessando
381 3050 517 3114 ueniam
545 3046 744 3122 obtinuerit,
771 3047 808 3109 in
841 3044 1081 3109 maledictione
1112 3046 1240 3109 domini

185 3150 374 3232 persistens
395 3148 545 3214 aeternis
572 3145 726 3210 barathri
751 3145 919 3209 incendiis
947 3146 1090 3227 punitus
1113 3148 1241 3209 crucie-

186 3258 262 3330 tur3
294 3251 440 3332 abyssos
467 3267 550 3312 uero
577 3247 753 3329 gurgitum
780 3253 861 3308 ante
896 3255 1075 3328 capturam
1108 3245 1240 3309 locatos

185 3369 286 3414 nemo
314 3350 446 3413 retibus
472 3348 598 3430 piscari
624 3346 699 3410 sine
723 3346 864 3410 licentia
883 3347 1037 3428 episcopi
1062 3346 1136 3408 siue
1161 3364 1240 3427 cap

184 3458 299 3515 turam
316 3449 523 3532 possidentis
540 3447 612 3512 ullo
633 3447 735 3511 modo
753 3447 890 3509 audeat.
942 3446 980 3508 Si
995 3447 1072 3528 quis
1095 3465 1178 3509 uero
1203 3447 1239 3509 in

183 3552 295 3614 tribus
317 3549 452 3633 abyssis
471 3550 514 3612 ad
539 3555 719 3630 capturam
744 3546 855 3629 ipsam
878 3546 1128 3628 pertinentibus
1150 3547 1239 3610 retia

182 3650 350 3734 piscando
366 3650 514 3714 traxerit
530 3650 588 3712 uel
605 3648 779 3725 statuerit,
801 3646 884 3711 furti
905 3647 1046 3710 crimine
1066 3646 1238 3709 obnoxius

183 3758 355 3816 teneatur.
406 3749 560 3814 Termini
584 3768 667 3812 uero
687 3748 789 3810 huius
809 3747 928 3827 exigui
943 3746 1077 3809 telluris
1092 3746 1128 3808 hi
1143 3752 1237 3810 sunt.

184 3852 235 3916 Os
257 3851 448 3916 Daerentan
472 3870 517 3914 on
543 3847 587 3913 da
609 3848 732 3912 ealdan
756 3847 936 3931 bornrffewe
960 3837 998 3910 t6
1020 3834 1099 3910 bam
1122 3865 1233 3927 aesce;

183 3973 227 4017 on
260 3950 305 4016 ba
335 3950 517 4037 bornrffewe
547 3949 614 4013 aaet
647 3948 696 4013 eft
728 3949 834 4011 innon
868 3947 1067 4010 Daereutan.
1135 3944 1237 4008 Haec

182 4060 264 4118 sunt
287 4053 428 4116 nomina
454 4052 631 4134 gurgitum
661 4049 722 4131 qui
750 4049 793 4111 ad
826 4047 1029 4129 piscandum
1058 4046 1235 4109 extraneis

182 4174 260 4220 eum
292 4153 515 4219 anathemate
548 4149 711 4233 prohibiti
741 4155 847 4222 sunt;
883 4146 1010 4230 Cytala
1046 4147 1116 4229 pol,
1147 4146 1235 4228 Lym
