2858 4890
488 374 662 425 οιιιιιιιιιι
684 377 1026 429 inowsaxorrrcan.
1223 368 1290 434 305

218 517 312 592 {inre
344 529 438 610 bide,
461 532 495 597 ic
519 552 609 615 gean
641 525 718 600 into
741 526 833 602 {idere
863 558 1008 622 cyrcean
1039 540 1113 604 tim
1144 538 1284 626 preoste

210 626 261 698 lie
302 630 365 695 etr
392 630 493 698 Gode
518 626 681 719 peona
720 639 789 701 and
821 639 853 702 ic
884 659 999 721 geann
1031 639 1103 705 baes
1125 653 1174 708 aet
1199 645 1283 711 Rae-

207 736 312 811 'gene
338 733 383 796 be
405 741 538 799 westan
560 726 637 801 inid
664 746 784 802 sancte
811 738 922 803 Paule
947 731 1026 805 bam
1056 743 1216 826 bisceope
1243 739 1283 812 tf)

203 831 464 913 geleohtenne,
489 835 558 899 and
583 826 646 900 bar
670 857 714 900 on
739 837 859 903 Godes
884 839 973 904 solce
998 836 1219 909 Cristendom
1243 839 1282 912 ιδ

204 931 396 1013 (ΙιὲῙθιιιιο;
421 934 489 997 and
517 936 551 999 ic
576 955 691 1018 geann
714 927 815 1003 barto
839 940 971 1021 tri-Egra
990 940 1071 1006 bida
1092 941 1133 1007 be
1152 938 1279 1010 Efidric

201 1031 359 1114 gafelab
382 1023 468 1099 fielce
488 1054 592 1118 geere
613 1037 682 1100 mid
699 1037 849 1103 healfnm
870 1032 988 1121 pfinde
1009 1041 1078 1105 and
1100 1045 1170 1108 mid
1194 1036 1278 1110 anre

201 1133 349 1214 gir-am
373 1133 441 1198 and
458 1135 491 1199 ic
506 1154 620 1217 gearm
637 1136 680 1200 be
698 1139 817 1203 eistan
834 1129 955 1205 stra‘ete
971 1130 1086 1223 fiegber
1101 1164 1145 1225 ge
1159 1146 1279 1210 wudas

203 1253 256 1314 ge
289 1233 403 1298 feldas
430 1225 604 1301 AEllstane
631 1237 791 1322 bisceope
818 1240 892 1304 intd
922 1239 1178 1323 Coppanforde‚
1207 1246 1277 1309 and

200 1331 287 1398 baes
313 1333 420 1417 heges
442 1355 488 1399 on
504 1333 668 1415 Glaesne3
697 1339 764 1402 and
789 1338 822 1403 ic
846 1359 959 1422 geann
985 1339 1056 1405 baes
1084 1343 1204 1409 landes
1228 1355 1276 1411 aet

204 1425 351 1499 norbhd
378 1434 477 1499 healf
493 1427 571 1501 into
594 1444 716 1502 sancte
730 1438 899 1521 Gregorie
924 1461 971 1505 on
996 1432 1181 1527 Sfibbyrig‚
1206 1446 1275 1509 and

205 1533 317 1599 healf
327 1524 404 1600 into
419 1543 540 1600 sancte
556 1535 756 1603 Eddmnnde
776 1559 822 1603 on
839 1532 1024 1604 Bederices
1039 1542 1166 1624 wyrbe.
1211 1538 1274 1610 Nii

203 1634 319 1699 bidde
341 1637 374 1699 ic
395 1634 483 1700 bone
505 1636 645 1720 bisceop
660 1638 811 1704 AElsstin
833 1638 902 1704 baet
918 1640 961 1704 be
975 1642 1158 1725 imundige
1179 1636 1273 1709 mine

205 1727 284 1802 lise
300 1735 369 1800 and
382 1743 432 1803 ’da
446 1738 526 1823 bing
538 1735 580 1801 be
594 1737 627 1802 ic
640 1737 726 1822 hyre
745 1729 837 1817 laese,
852 1741 921 1804 and
938 1740 993 1823 gis
1005 1741 1075 1804 him
1090 1741 1171 1807 God
1194 1744 1272 1807 lifes

204 1855 353 1919 geunne
378 1837 460 1921 long
479 1834 591 1902 lionam
616 1839 779 1917 unc,liaet
800 1840 844 1905 be
866 1840 1092 1925 gelidtumige
1115 1841 1183 1908 baet
1205 1832 1271 1908 {elo

202 1928 301 2003 'dara
313 1935 417 2022 binga
432 1938 556 2003 stande
568 1936 610 2002 be
623 1938 655 2003 ic
672 1932 858 2021 gecw‘e’den
872 1941 1002 2005 haebbe.

686 2241 793 2307 DCC.

556 2389 824 2471 AEDELRED,
853 2393 929 2459 998.

273 2545 312 2625 ›1‹
340 2540 581 2606 Onnrrormrs
610 2540 769 2605 cbristus
811 2540 967 2605 saluator
999 2540 1131 2617 mundi,
1167 2543 1265 2606 cuius

205 2650 428 2706 coaeternum
450 2661 528 2705 cum
545 2648 644 2724 patre
666 2648 857 2723 sanctoque
885 2641 1008 2724 spiritu
1031 2660 1174 2722 regnum
1201 2661 1265 2706 nec

205 2742 329 2825 incipit
345 2761 410 2806 nec
431 2741 556 2805 desinit
581 2742 617 2805 in
639 2742 828 2818 saeculnm,
843 2742 902 2824 qui
922 2743 958 2804 in
980 2747 1135 2805 extremo
1158 2742 1264 2805 cadu-

204 2862 324 2907 corum
340 2842 497 2924 margine
513 2860 575 2924 per
591 2849 725 2905 uterum
744 2843 866 2905 beatae
889 2841 1035 2923 uirginis
1050 2841 1262 2917 incarnatus,

203 2963 268 3026 pro
284 2941 519 3025 redemptione
535 2941 671 3024 generis
689 2942 829 3006 humani
851 2943 886 3005 in
910 2960 972 3005 ara
992 2948 1133 3004 sanctae
1149 2941 1262 3004 crucis

204 3050 314 3107 semet
337 3043 452 3125 ipsum
476 3043 649 3125 patienter
670 3042 706 3105 in
727 3042 867 3107 odorem
890 3039 1075 3104 suauitatis
1090 3040 1261 3105 immolari

204 3143 372 3227 permisit,
390 3142 601 3224 euangelicis
628 3161 691 3206 nos
717 3142 839 3207 edocet
857 3141 1038 3217 institutis,
1060 3147 1110 3216 ut,
1128 3149 1259 3222 quanto

204 3242 316 3324 magis
337 3241 534 3306 mundanae
552 3241 779 3306 uolubilitatis
802 3241 888 3319 dies,
908 3243 998 3304 sicut
1016 3240 1137 3304 umbra
1159 3260 1259 3321 prae-

202 3347 353 3419 tereunt,
383 3349 419 3407 et
450 3341 583 3406 caduca
612 3341 761 3406 labentis
794 3341 923 3405 saeculi
957 3348 1132 3403 momenta
1162 3340 1259 3404 uelut

201 3441 317 3506 snmus
341 3441 526 3515 deficiunt;
554 3447 652 3505 tanto
667 3441 856 3504 instantius
877 3439 960 3504 illuc
982 3439 1104 3504 tendat
1118 3448 1258 3503 nostrae

200 3530 327 3606 mentis
342 3542 501 3618 intentio,
517 3540 578 3604 ubi
593 3560 662 3604 non
683 3560 800 3604 annua
821 3540 881 3605 sed
905 3540 1069 3603 continua
1086 3547 1121 3602 et
1138 3538 1257 3602 ineffa-

200 3642 261 3706 bili
289 3641 471 3706 dulcedine
497 3639 625 3705 referta
652 3641 842 3723 pascalium
869 3639 1068 3704 deliciarum
1102 3637 1255 3715 reiectio,

199 3743 258 3806 ubi
279 3741 470 3824 tranquilla
486 3747 540 3805 est
559 3748 595 3804 et
610 3742 729 3805 suanis
748 3746 946 3805 sanctornm
962 3740 998 3803 in
1022 3737 1162 3801 saecula
1178 3756 1256 3801 sae-

197 3842 355 3907 culorum
372 3840 554 3917 exultatio,
572 3848 607 3905 et
622 3842 697 3905 sine
716 3840 783 3905 fine
805 3848 973 3923 perpetua
995 3858 1071 3902 cum
1092 3836 1156 3900 deo
1174 3838 1256 3902 uiuo

198 3949 233 4007 et
249 3961 335 4006 nero
351 3941 504 4005 omnium
520 3942 688 4005 bonorum
713 3940 897 4022 possessio.
951 3938 1058 4002 Cuius
1082 3937 1255 4017 gratuitae

177 4042 321 4126 ‘pietati
348 4061 426 4105 cum
454 4039 547 4105 omni
566 4047 619 4104 est
646 4037 771 4103 affectu
797 4040 929 4121 gratias
956 4036 1138 4118 agendum,
1161 4036 1254 4117 quod

182 4161 337 4207 suorum
364 4140 471 4206 corda
493 4139 644 4204 fidelium
671 4132 783 4203 sancti
806 4140 948 4221 spiritns
971 4135 1202 4200 illustratione
1218 4136 1254 4199 in

245 4260 333 4307 ιοιι.
354 4259 407 4305 ιιι.
1076 4251 1102 4297 X
