2858 4890
185 362 252 427 364
449 377 622 426 cnnnrnn
643 377 988 427 nneuosaxomonn

187 528 259 600 min
275 526 410 612 brodon
430 536 497 600 and
512 536 660 618 AElssige
677 537 829 618 bisceop,
844 537 911 600 aud
929 529 1117 620 Byrhtme'r
1133 535 1248 600 abbod

187 638 255 700 and
279 628 414 700 AElmer
431 629 596 700 AElfriees
619 655 719 700 suna.
773 630 834 702 Nil
866 636 967 700 bidde
996 638 1027 701 io
1056 636 1169 700 eallan
1199 642 1248 700 da

186 738 292 801 witao
308 743 379 801 ’saet
395 728 513 801 minue
534 736 653 820 owyde
675 736 830 825 gehpran
850 729 959 800 reden
986 727 1105 818 &geor
1122 757 1166 818 ge
1185 756 1247 816 ge-

187 836 318 901 hddode
345 857 388 919 ge
415 826 556 901 le'r'ewede
576 842 649 900 naet
671 828 708 900 hi
734 827 821 901 bedu
845 857 891 900 on
913 837 1058 909 sultume
1079 842 1152 900 daet
1175 839 1248 898 min

186 937 305 1021 cwyde
327 937 476 1001 standan
497 926 603 1012 mdte,
620 938 690 999 swa
713 927 825 1000 mines
850 937 945 1000 feder
961 937 1032 1000 ieris
1054 957 1098 1000 on
1122 927 1246 1000 minon

186 1038 273 1125 oyde
296 1044 399 1100 stent.
454 1027 516 1099 Nii
537 1036 625 1126 offae
645 1037 677 1100 ic
699 1042 771 1101 ’daet
793 1037 881 1100 ealle
895 1043 943 1102 tta
964 1039 1064 1120 pincg
1085 1043 1131 1100 de
1150 1038 1184 1100 ic
1208 1028 1249 1101 to'

188 1136 298 1212 Gode,
316 1125 392 1199 int6
408 1134 526 1199 Godes
542 1135 680 1219 cyrican
704 1136 771 1200 and
788 1136 906 1200 Godes
922 1127 1064 1222 pedwan
1081 1156 1246 1217 geunnen

185 1237 305 1312 hebbe,
332 1237 373 1324 sy
396 1227 510 1317 geddo
536 1234 590 1298 for
612 1226 724 1299 mines
746 1227 865 1300 ledfan'
886 1237 979 1300 seder
1000 1237 1104 1300 sdwle
1120 1236 1246 1301 AEeel-

184 1337 283 1402 redes
298 1355 439 1419 cynges,
451 1335 517 1399 and
532 1334 586 1398 for
596 1336 681 1399 mire
695 1337 764 1400 and
776 1326 965 1416 AElffirytie
980 1327 1092 1399 minre
1107 1336 1245 1399 ealdor-

185 1438 303 1501 mddor
314 1441 359 1500 ’de
376 1456 430 1499 me
447 1434 580 1511 {sedda
595 1435 662 1498 and
677 1436 730 1500 for
744 1437 938 1504 ealratSara
954 1435 995 1500 de
1009 1457 1064 1500 me
1079 1426 1118 1500 to·
1128 1441 1244 1519 dysan

184 1529 300 1617 gddan
328 1535 515 1617 gesulstan‚
538 1535 604 1598 and
626 1554 664 1598 se
685 1541 730 1600 tie
754 1542 865 1620 dysne
889 1539 1005 1600 cwede
1030 1536 1138 1622 purhg
1162 1537 1245 1617 enig

183 1639 263 1723 tuing
276 1626 455 1711 amended,
473 1635 582 1699 hebbe
599 1633 667 1697 him
684 1639 754 1702 witi
772 1636 851 1701 God
869 1636 1069 1718 elmihtigne
1083 1626 1245 1717 gemere,

186 1738 253 1800 and
266 1737 333 1801 wi'6
351 1744 473 1799 sancta
491 1735 642 1810 Marion,
659 1738 727 1800 aud
740 1739 808 1802 wie
823 1744 943 1800 sancte
957 1737 1074 1815 Peter,
1090 1734 1159 1800 and
1174 1737 1245 1800 wid

183 1837 270 1900 ealle
286 1834 330 1899 da
344 1833 385 1899 de
403 1834 520 1900 Godes
542 1853 668 1898 naman
688 1838 819 1902 heriad.

580 2136 842 2202 DCCXXIII.

497 2282 519 2327 *
533 2285 795 2364 AEDELRED,
818 2285 915 2349 1016.

239 2437 278 2517 ›1‹
295 2433 472 2512 Quantus
498 2434 744 2517 quassantibus
763 2434 911 2516 undique
925 2433 1026 2497 bellis
1048 2434 1239 2518 piratarum

183 2534 383 2599 infestorum
414 2536 526 2611 uobis,
564 2547 680 2599 tamen
716 2535 944 2616 omnipotenti
975 2533 1041 2597 deo
1073 2535 1111 2598 in
1142 2538 1242 2600 nobis

182 2635 422 2717 triumphanti,
440 2655 481 2699 ac
498 2636 678 2700 uictoriam
695 2635 763 2698 iam
781 2635 934 2698 crebrius
956 2638 1148 2715 praestanti
1166 2637 1240 2700 eius

183 2736 370 2799 munimine
381 2735 513 2801 inuicto
524 2736 726 2817 gaudentes,
765 2733 836 2798 Pro
854 2753 971 2798 amore
986 2736 1096 2817 ipsius
1114 2745 1241 2800 cuncta

183 2836 421 2916 gubernantis
441 2856 506 2917 ego
523 2834 726 2899 AEdelredus
752 2855 815 2898 rex
836 2833 1043 2916 Anglorum,
1063 2837 1239 2918 quandam

182 2937 360 3011 terrulam,
382 2935 447 2999 hoc
464 2944 528 3013 est,
549 2954 653 2998 unam
675 2954 830 2999 mansam
855 2935 956 2999 sitam
981 2937 1081 3000 iuxta
1101 2936 1239 3001 Matel-

182 3037 381 3118 gaeresbyri,
400 3037 515 3100 tribuo
536 3055 613 3098 oum
634 3036 708 3098 eius
731 3036 943 3118 appendiciis
966 3036 1030 3099 deo
1057 3043 1092 3100 et
1116 3045 1238 3101 sancto

182 3136 389 3212 Eadwardo‚
406 3143 441 3200 et
463 3137 506 3200 ad
524 3137 768 3199 monasterium
788 3135 878 3217 quod
899 3136 1025 3199 dicitur
1043 3137 1237 3201 Eouesham

180 3238 345 3301 fratribus
385 3236 510 3300 ibidem
548 3236 613 3299 deo
646 3237 886 3311 seruientibus,
927 3236 1090 3318 quatinus
1131 3237 1237 3300 libere

180 3339 255 3401 uoti
275 3343 451 3418 compotes
473 3335 694 3400 aeternaliter
713 3335 924 3418 possideant,
941 3337 1051 3399 tribus
1068 3339 1238 3420 exceptis,

180 3437 321 3510 scilicet,
362 3436 593 3517 expeditione,
636 3436 753 3518 pontis
794 3437 928 3500 arcisue
970 3438 1235 3501 restauratione.

182 3535 284 3614 Quod
312 3536 365 3597 ius
392 3537 583 3619 antiquitus
610 3537 748 3618 quidam
779 3545 900 3618 raptor
915 3536 1041 3600 Wlfric
1068 3537 1146 3620 ripa
1174 3558 1235 3601 uo·

181 3637 325 3712 camine,
357 3654 379 3697 a
409 3636 566 3716 praefato
589 3637 798 3700 monasterio
820 3637 938 3719 inique
962 3637 1119 3713 abstulit,
1143 3638 1236 3720 quod

181 3755 244 3800 nos
266 3735 469 3817 corrigendo
485 3736 598 3800 denuo
614 3738 678 3801 deo
693 3736 879 3812 reddimus,
897 3737 1013 3800 omnia
1027 3737 1121 3801 dona
1137 3739 1236 3802 nobis

181 3836 334 3900 donanti.
388 3835 425 3898 Si
451 3837 529 3918 quis
553 3836 640 3900 forte
664 3856 791 3900 auarus
815 3844 996 3919 tyrannus,
1016 3838 1108 3919 quod
1133 3839 1235 3916 absit,

181 3937 246 4000 hoc
274 3935 513 3999 munusculum
540 3938 644 4018 impie
673 3937 738 4000 deo
767 3937 901 4000 auferre
932 3945 1087 4013 conatur,
1112 3946 1236 4003 caueat

183 4058 225 4100 ne
244 4037 311 4119 ipsi
333 4037 412 4099 talis
435 4037 614 4101 mulctatio
637 4037 783 4113 accidat,
806 4036 944 4120 qualem
967 4038 1163 4102 audiuimus
1186 4039 1235 4101 illi

183 4137 329 4201 Wlfrico
364 4138 441 4219 ripa
472 4138 649 4214 accidisse,
679 4138 745 4202 hoc
776 4144 842 4214 est,
870 4137 962 4219 quod
992 4141 1129 4222 corpori
1160 4139 1232 4204 eius
