2858 4890
180 357 247 424 306
448 373 620 423 autumn
642 372 987 425 nuamsuxomcnn.

184 551 346 597 amorem
365 532 420 596 sui
452 531 600 596 nominis
632 529 836 608 inflammat,
862 537 899 594 et
927 536 967 595 ut
991 535 1134 594 sanctos
1167 528 1242 592 eius

184 633 243 716 pia
270 639 383 696 mente
408 637 616 696 uenerantur
641 631 800 714 inspirat,
821 637 861 695 ut
889 629 982 713 quod
1007 635 1129 694 nostra
1161 646 1242 710 posb

186 733 351 797 nihilitate
381 732 547 815 consequi
580 732 761 814 nequimus
792 749 910 795 eomm
941 730 1043 795 nobis
1075 728 1243 809 suffragio

185 852 289 917 posse
310 832 432 898 donari
451 850 641 916 speremus,
662 831 723 914 qui
741 831 773 895 ei
794 831 830 895 in
848 831 910 894 illa
931 830 1069 896 diuinae
1093 836 1244 893 contem-

186 933 349 1016 plationis
364 933 475 1014 gloria
491 931 646 1009 adunati,
657 939 821 997 aeternae
837 930 1059 995 beatitudinis
1075 938 1158 994 sunt
1172 929 1243 993 dia-

186 1034 324 1098 demate
345 1034 514 1098 coronati.
577 1031 682 1111 Quod
706 1033 743 1095 in
766 1031 940 1095 interioris
972 1031 1079 1096 animi
1109 1037 1244 1094 secreto

188 1140 416 1217 pertractans,
433 1153 499 1215 ego
522 1128 696 1211 AEiielred,
710 1131 833 1195 deifica
857 1139 1031 1196 annuente
1048 1128 1244 1208 clementia,

189 1233 302 1316 gentis
315 1231 510 1315 Anglorum
526 1232 689 1310 basileus,
707 1232 934 1314 omnipotenti
952 1230 1092 1297 Christo
1108 1239 1245 1295 sancto-

187 1353 256 1417 que
290 1333 448 1416 apostolo
479 1334 553 1397 eius
575 1332 738 1397 Andreae
759 1352 924 1415 germano
952 1332 1047 1398 beati
1079 1331 1246 1414 principis

180 1434 425 1517 apostolorum
451 1432 599 1497 Simonis
618 1432 727 1510 Petri,
746 1432 920 1515 quoddam
942 1433 1032 1496 ruris
1056 1438 1105 1495 aet
1121 1431 1246 1496 Brom-

187 1530 289 1617 leage
314 1534 537 1611 territorium,
564 1533 662 1598 cuius
687 1532 852 1597 circuitus
876 1533 1043 1597 ambitum
1064 1538 1102 1596 et
1127 1531 1245 1595 distri·

190 1633 341 1699 butinnis
378 1631 568 1697 funiculum
603 1633 718 1717 patria
752 1632 963 1697 dimensione
994 1650 1061 1716 syx
1094 1632 1247 1715 sulunga

189 1732 419 1818 prouinciales
432 1733 546 1797 solent
560 1732 749 1816 appellare,
765 1741 800 1798 et
815 1732 1001 1798 utilitatem
1017 1733 1187 1796 siluarum
1203 1733 1246 1796 ad

190 1834 333 1899 eandem
358 1841 484 1902 terram
500 1834 746 1916 pertinentium
762 1833 799 1897 in
816 1831 991 1911 Andrede,
1007 1831 1100 1916 quod
1116 1839 1247 1896 utrum-

192 1954 259 2017 que
276 1936 312 1998 in
329 1941 484 2016 tempore
500 1932 692 2001 iuuentutis
705 1953 803 1998 meae
820 1954 842 1998 a
857 1932 1043 1998 Hrofensis
1057 1932 1247 1997 aecclesiae

191 2035 320 2098 diocesi
335 2033 541 2117 quibusdam
558 2034 803 2116 instigantibus
826 2034 994 2111 abstraxi,
1011 2034 1123 2097 libens
1146 2034 1248 2097 bene·

191 2134 292 2198 nolus
326 2154 368 2198 ac
401 2133 548 2198 deuotus
584 2134 739 2199 restituo.
809 2133 918 2198 Cuius
954 2140 1070 2198 tamen
1106 2133 1248 2215 rapinae

191 2235 451 2317 praedationem
480 2255 549 2298 non
579 2241 651 2297 tam
681 2233 867 2297 crudeliter
896 2253 1000 2316 quam
1033 2234 1247 2316 ignoranter,

191 2341 227 2398 et
255 2334 406 2398 maxime
424 2334 605 2398 AEitelsino
632 2333 782 2417 quodam
814 2333 972 2398 infoelice
1004 2334 1060 2397 dei
1090 2335 1247 2417 omnipo-

193 2433 299 2503 tentis
319 2452 360 2496 ac
384 2434 491 2497 totius
516 2434 635 2516 populi
656 2430 794 2497 inimico
817 2433 1019 2515 instigante,
1039 2453 1154 2516 neque
1177 2435 1249 2498 eius

194 2533 334 2615 iniquae
348 2532 504 2596 suasioni
518 2535 656 2598 incaute
673 2533 910 2598 consentiente
925 2535 999 2598 fieri
1015 2534 1112 2598 iussi.
1164 2533 1248 2612 Qui,

194 2634 284 2697 inter
311 2640 453 2696 caetera
480 2652 569 2716 qnae
606 2652 710 2715 saepe
743 2635 927 2697 commisit.
937 2634 1020 2698 furti
1046 2641 1081 2697 et
1107 2635 1250 2716 rapinae

197 2730 342 2815 flagitia,
359 2733 517 2815 publicus
545 2732 655 2797 hostis
680 2733 857 2811 inuentus,
882 2740 918 2798 et
939 2741 1075 2799 tantum
1098 2734 1250 2800 malitiae

196 2850 280 2897 snae
302 2833 400 2897 frena
421 2833 567 2911 laxauit,
589 2840 630 2897 nt
655 2852 725 2896 non
747 2834 860 2897 solnm
883 2834 990 2917 uulgo
1015 2852 1251 2917 quoscumque

196 2942 315 3018 posset
329 2932 522 3009 inuaderet,
534 2933 596 2997 sed
619 2939 660 2996 ut
675 2953 787 2997 meam
809 2954 946 3016 quoque
967 2935 1134 3017 puerilem
1153 2935 1250 3016 igno·

196 3035 345 3099 tantiam
372 3033 572 3098 calliditatis
599 3052 683 3097 suae
711 3035 835 3117 laqueo
860 3035 1133 3098 circumueniens
1161 3035 1250 3098 inre-

197 3136 294 3213 tiret3
310 3142 348 3198 et
361 3141 401 3198 ut
416 3140 552 3197 tantum
569 3133 694 3215 flagitii
707 3135 955 3199 committerem
970 3134 1137 3217 improbe,
1152 3155 1251 3217 prae-

197 3235 261 3299 fati
284 3234 397 3298 sancti
419 3234 488 3297 loci
510 3233 638 3316 praedo
661 3233 834 3312 incitaret,
863 3235 1006 3317 insuper
1029 3235 1192 3299 idoneum
1218 3243 1253 3300 et

199 3333 333 3396 fidelem
375 3332 478 3397 michi
508 3333 744 3417 praepositum
777 3354 854 3398 mea
885 3335 929 3398 ab
963 3335 1040 3398 eius
1072 3334 1254 3400 inuasione

199 3431 436 3496 defendentem
452 3434 633 3499 occideret.
680 3433 782 3499 Unde
806 3442 841 3498 et
864 3433 957 3498 insto
979 3435 1143 3517 exigente
1165 3435 1253 3500 iudi·

195 3533 265 3610 cio,
292 3532 448 3615 disposui
477 3535 598 3598 merito
623 3553 702 3598 eum
731 3535 825 3598 omni
849 3534 1020 3616 dignitate
1045 3534 1192 3617 priuari,
1216 3541 1254 3599 ut

200 3633 261 3715 qui
287 3631 415 3696 iniuste
452 3633 569 3714 rapuit
607 3633 723 3698 aliena
759 3635 850 3698 iuste
890 3632 1067 3698 amitteret
1101 3637 1254 3720 propria.

201 3729 307 3796 Nunc
329 3740 443 3796 autem
466 3732 549 3815 quia
575 3750 729 3816 superna
753 3733 857 3797 michi
884 3741 1047 3817 parcente
1071 3734 1256 3800 clementia

202 3830 245 3895 ad
272 3831 523 3913 intelligibilem
548 3840 699 3896 aetatem
723 3834 877 3916 perneni,
897 3841 933 3897 et
957 3847 1048 3916 qnae
1076 3835 1256 3916 pueriliter

200 3932 294 4012 gessi
323 3929 359 3994 in
396 3931 519 3997 melius
554 3933 735 3998 emendare
771 3934 920 4012 decreui,
952 3934 1090 4012 iccirco,
1124 3933 1256 3999 domini

201 4037 426 4114 compunctus
453 4034 578 4114 gratia,
598 4033 762 4116 quioquid
788 4041 872 4099 tnnc
892 4033 1080 4116 instigante
1101 4035 1256 4118 maligno

200 4139 323 4196 contra
347 4138 507 4197 sanctum
527 4133 585 4200 dei
613 4134 809 4216 apostolum
839 4153 894 4198 me
921 4133 1040 4217 inique
1062 4134 1177 4216 egisse
1202 4155 1254 4200 re·
