2858 4890
180 342 247 408 210
446 361 619 410 cunnrsn
643 360 986 420 nucrossxorucsn.

589 621 844 689 ocxuvur.
884 696 890 707 ,

518 766 817 848 *mannaan
839 769 915 834 ssa

243 920 282 1001 ›1‹
303 918 348 984 IN
366 921 476 1002 patris
498 940 540 985 ac
562 920 670 1003 prolis
687 920 868 1002 sanctique
883 918 1033 983 flaminis
1059 920 1242 983 onomate!

189 1018 277 1084 Cum
305 1019 384 1102 pius
402 1020 495 1085 orbis
519 1028 616 1084 sator
641 1019 826 1083 eliminatis
852 1019 974 1103 priscis
1001 1017 1161 1082 Paradisi
1186 1038 1244 1082 ac-

190 1118 277 1183 colis
317 1119 460 1185 diffusae
500 1119 634 1185 telluris
675 1120 842 1184 ambitum
879 1138 1049 1201 proauum
1086 1127 1245 1183 nostrum

188 1219 419 1302 mancipasset
446 1239 607 1285 exercere
625 1219 814 1298 laboribus,
839 1219 1003 1303 quatinus
1028 1218 1132 1283 tellus
1162 1239 1243 1284 nas·

188 1320 345 1384 centibus
361 1321 514 1402 priorum
529 1327 668 1403 patrum
681 1320 823 1397 sobolis,
838 1319 968 1402 passim
987 1318 1108 1382 uiridis
1131 1321 1243 1383 abun-

187 1419 287 1484 daret
311 1420 507 1504 manipulis,
533 1441 576 1485 ne
604 1420 716 1502 rigida
742 1421 906 1485 mortales
930 1426 1092 1502 quateret
1122 1420 1243 1498 fames,

189 1539 277 1602 quos
304 1519 422 1603 pellax
448 1527 599 1586 cerastes
623 1521 777 1585 mordaci
796 1520 972 1585 mendatio
994 1521 1039 1583 ab
1056 1520 1244 1584 immortali

189 1619 391 1702 lugubriter·
406 1621 588 1704 pepulerat
612 1621 728 1704 quiete
746 1619 919 1697 Paradisi,
944 1620 1100 1684 diuersas
1129 1621 1243 1684 natio-

189 1740 272 1784 num
300 1721 517 1785 monarchias
534 1719 641 1785 uariis
665 1721 836 1785 concessit
850 1719 1021 1784 dominari
1040 1720 1244 1799 rectoribus,

189 1827 327 1904 sceptra
343 1840 480 1904 quoque
497 1819 686 1886 uastissimi
706 1820 814 1885 cosmi
831 1819 1058 1902 omnipotenti
1079 1827 1169 1884 nutu
1190 1840 1244 1885 re-

188 1921 292 2001 gibus
305 1921 563 2003 praeordinauit
574 1921 725 2003 regenda
741 1919 926 2003 praecluis,
938 1920 1102 2002 quatinus
1118 1921 1243 1985 sobriis

192 2027 296 2103 atque
321 2021 388 2084 sibi
412 2019 537 2086 deuote
561 2020 875 2103 obsecundantibus
904 2039 1083 2103 procerum
1106 2028 1243 2104 satrap-

190 2139 318 2203 umque
349 2120 417 2184 frui
449 2121 556 2185 libere
588 2119 779 2186 concedant
805 2119 936 2197 infulis,
968 2119 1126 2202 turgidos
1158 2141 1242 2187 uero

191 2227 297 2303 atque
314 2220 466 2302 gazifero
487 2220 591 2285 huius
610 2220 740 2285 saeculi
756 2227 836 2285 astu
851 2219 1042 2284 arridentes
1059 2221 1246 2303 perniciter

190 2339 254 2402 pro
280 2319 411 2385 meritis
434 2321 513 2385 aeui
546 2321 694 2386 labentis
724 2321 866 2386 trudant
893 2321 1102 2403 aerumpnis.
1171 2321 1243 2387 Sibi

189 2439 328 2502 quoque
357 2420 529 2485 indefessa
564 2420 738 2486 theoricae
766 2421 861 2484 uitae
892 2419 1135 2484 amoenissima
1167 2442 1244 2486 cum

190 2519 410 2584 terrestribus
425 2520 526 2585 bonis
541 2521 718 2585 lucrentur
734 2521 861 2602 gaudia
884 2519 943 2584 ubi
964 2520 1139 2584 suauitate
1163 2542 1244 2604 pas-

191 2625 315 2684 cantur
335 2620 512 2698 melliflua,
535 2627 643 2703 atque
671 2640 733 2703 pro
755 2618 954 2703 temporalis
979 2620 1072 2684 uitae
1100 2632 1245 2705 perpar-

192 2719 355 2797 resimis,
368 2719 525 2785 iusticiae
542 2721 657 2802 gratia
673 2720 812 2784 Christo
829 2720 966 2802 sibique
984 2719 1246 2800 famulantibus

191 2820 326 2885 collatis
344 2821 553 2897 muneribus
573 2820 757 2885 aeternalis
780 2821 878 2901 regni
896 2820 1131 2884 conscendant
1148 2821 1246 2887 fasti·

191 2919 261 3001 gia,
280 2939 321 2984 ac
350 2939 429 2984 curn
459 2920 632 2985 coelicolis
661 2920 876 2984 aeternitatis
898 2919 1082 3001 indigenae
1104 2921 1245 2986 immar-

192 3019 344 3085 cescibili
367 3019 637 3102 flauesoentique
660 3019 816 3083 ditentur
844 3018 972 3083 laurea.
1025 3018 1107 3098 Qua
1131 3021 1176 3086 de
1196 3043 1245 3102 re,

190 3119 310 3184 infima
338 3119 440 3201 quasi
468 3119 662 3202 peripsema
690 3117 953 3202 quisquiliarum
984 3119 1162 3200 abiiciens
1191 3142 1244 3187 su·

192 3238 299 3300 perna
324 3217 369 3281 ad
395 3219 506 3282 instar
531 3219 782 3302 praetiosorum
805 3218 982 3282 monilium
1007 3219 1155 3301 eligens,
1174 3224 1246 3287 ani-

123 3315 126 3320 “
192 3339 284 3382 mum
312 3317 529 3400 sempiternis
553 3319 590 3382 in
616 3320 752 3402 gaudiis
774 3319 895 3401 figens,
911 3317 958 3382 ad
980 3320 1244 3387 nanciscendam

192 3417 378 3481 mellifluae
412 3417 603 3482 dulcedinis
639 3419 907 3484 misericordiam
935 3417 1246 3506 perimendamque

190 3516 347 3582 infinitae
381 3516 534 3582 laetitiae
566 3517 825 3597 iocunditatem,
854 3538 919 3600 ego
948 3515 1152 3584 AElielredus
1183 3539 1244 3587 rex

95 3619 99 3627 '
192 3615 387 3699 Anglorum
414 3636 477 3700 per
504 3618 767 3701 omnipatrantis
797 3619 978 3683 dexteram
1010 3617 1116 3683 totius
1142 3620 1245 3706 Bryt-

194 3718 333 3782 tanniae
350 3717 451 3799 regni
465 3717 553 3783 solio
570 3718 785 3794 sublimatus
801 3719 976 3801 quandam
989 3718 1125 3783 telluris
1139 3723 1245 3804 parti-

193 3817 305 3882 culam
331 3816 467 3880 cuidam
488 3818 591 3881 michi
611 3817 737 3882 dilecto
754 3819 911 3883 ministro
927 3818 1115 3897 AEaelrico,
1130 3821 1167 3885 id
1183 3830 1245 3899 est,

194 3934 298 3981 mvn.
316 3923 472 3981 cassatos
488 3918 663 4000 segetibus
677 3918 796 3983 mixtis
818 3919 854 3982 in
870 3917 947 3982 loco
965 3937 1066 4000 quem
1083 3920 1245 3987 solicolae

193 4024 240 4082 aet
261 4015 477 4082 Harewillan
507 4018 662 4082 uocitant
684 4018 831 4082 libenter
857 4017 983 4095 tribuo,
1003 4038 1081 4082 cum
1107 4023 1246 4103 pascuis

192 4135 234 4181 ac
258 4117 367 4200 pratis
392 4116 483 4180 foeni
509 4117 553 4180 ad
583 4117 649 4181 hoc
680 4137 740 4181 rus
771 4119 836 4182 rite
867 4118 1132 4201 pertinentibus,
1163 4141 1246 4206 qua·
