2858 4890
179 374 224 439 20
432 387 606 437 cataras
632 387 974 437 saeuosaxouress.

183 556 264 634 post
285 549 380 614 uitae
403 568 487 614 suae
509 549 693 614 terminum
721 548 855 612 duobus
878 552 1014 611 tantum
1031 545 1245 612 haeredibus

183 653 369 716 immunem
384 650 623 734 derelinquan
647 651 772 733 quihus
786 648 958 714 defunctis
975 648 1165 713 aecclesiae
1184 648 1245 713 dei

183 753 220 815 iu
237 751 568 834 Wiogornaceastre
588 752 805 815 restituatur.
858 749 896 814 Si
917 749 982 834 hyt
1003 749 1103 814 siloes
1118 749 1246 834 pinges

183 852 280 917 freoh
306 852 414 918 baton
445 852 594 917 ferdfore
620 851 688 915 aud
714 851 961 932 walgeweorce
993 850 1061 914 and
1089 851 1244 933 brycge-

187 973 330 1018 weoree.
389 953 520 1019 Sancta
558 952 675 1017 Maria
703 961 738 1017 et
767 959 910 1016 sauctus
946 949 1124 1016 Michahel
1156 970 1243 1014 cum

185 1061 307 1119 sancto
333 1054 440 1120 Petro
466 1054 534 1119 and
560 1054 686 1118 eallum
719 1052 837 1117 Godes
863 1052 1002 1134 halgum
1030 1051 1243 1134 gemildsige

184 1154 236 1220 liis
257 1155 506 1235 healdendum3
534 1154 589 1239 gif
600 1155 677 1218 hwa
695 1151 802 1218 hfitau
825 1152 1043 1237 gewyrhtum
1068 1152 1120 1218 hit
1137 1152 1242 1216 abre·

186 1276 251 1322 cau
272 1256 388 1339 wylle,
408 1256 528 1321 haebbe
553 1257 622 1319 him
641 1254 705 1319 wib
722 1254 802 1319 God
827 1252 978 1338 germane
995 1273 1041 1318 on
1062 1250 1137 1316 dam
1159 1260 1242 1336 yte-

186 1365 324 1441 mystan
346 1355 455 1422 bisses
478 1357 567 1435 lifes,
585 1354 693 1421 bfiton
716 1355 758 1419 he
781 1356 833 1420 hit
854 1356 901 1418 fer
917 1354 1052 1436 gebete.
1104 1353 1184 1418 Her
1207 1354 1242 1419 is

187 1459 244 1523 sed
262 1457 465 1522 handseten.

197 1596 201 1601 ·
248 1558 456 1641 ›1⁴0swold
483 1558 635 1640 bisceop.
702 1555 912 1642 ›14Wulfrie
943 1554 1124 1638 presbiter.
1193 1555 1237 1637 ᾧ

186 1659 328 1741 Eadgar
349 1659 529 1742 presbiter.
586 1661 625 1741 ›1‹
646 1657 786 1724 Wistau
808 1658 989 1740 presbiter.
1046 1657 1085 1737 ›1‹
1100 1654 1242 1721 AElfred

186 1760 344 1824 clericus
401 1764 440 1844 ›1‹
457 1759 638 1824 AEdelstau
659 1760 839 1842 presbiter.
888 1761 928 1841 ›1‹
941 1756 1119 1823 Wulfhun
1136 1756 1242 1821 cleri·

185 1880 258 1924 cus.
294 1863 355 1943 ,ᾖ
371 1861 524 1925 AElsstau
540 1860 697 1926 clericus.
755 1862 795 1942 ›1‹
810 1858 975 1940 Wulfgar
990 1858 1147 1922 clericus.
1194 1859 1238 1941 ᾧ

187 1960 354 2026 Eadwine
373 1961 528 2026 clericus.
586 1964 626 2044 ›1‹
646 1960 822 2044 Wyustan
846 1960 1004 2024 clericus.
1060 1961 1100 2041 ›1‹
1120 1958 1243 2042 Byrh·

185 2070 265 2126 stan
283 2060 438 2125 clericus.
484 2061 678 2146 ›FAElfgar
703 2062 859 2125 clericus.
917 2063 957 2143 ›1‹
978 2058 1056 2124 Ufic
1079 2059 1244 2125 clericus.

190 2165 229 2245 ›1‹
245 2162 440 2227 Wulfheah
459 2161 617 2226 clericus.
675 2165 715 2245 ›1‹
731 2161 908 2227 Leofwiue
923 2155 1077 2225 clericus.

191 2285 193 2289 ’
236 2261 368 2329 Belide.
392 2264 456 2327 AEt
471 2262 574 2328 Stooe
595 2311 602 2326 .
623 2253 802 2328 Eadmffire
819 2261 887 2327 and
906 2248 1157 2345 Byrehtmffire.

652 2451 772 2462 .—

664 2567 784 2634 uxr.

553 2687 776 2797 oswauu,
798 2718 876 2783 eor.

251 2871 291 2951 ›1‹
317 2867 427 2934 Aureo
463 2869 712 2934 incarnationis
748 2871 941 2934 dominicae
981 2888 1244 2938 mccccmxvu.

189 2967 265 3051 Ego
283 2969 424 3035 Oswald
445 2971 560 3053 gratia
584 2971 639 3034 dei
658 2972 813 3053 gratuita
830 2971 1081 3038 Huuicciorum
1103 2973 1245 3056 episco-

187 3088 266 3152 pus,
293 3091 371 3135 cum
402 3091 572 3136 consensu
597 3079 633 3137 et
660 3073 825 3136 unanima
854 3072 996 3137 licentia
1021 3074 1246 3140 uenerandae

187 3169 338 3235 familiae
365 3172 402 3235 in
432 3172 776 3256 Weogerueceastre,
808 3181 935 3238 terram
967 3174 1120 3257 aliquam
1151 3175 1244 3241 iuris

187 3273 309 3349 nostri,
332 3272 367 3335 id
393 3282 458 3350 est,
487 3275 574 3338 duas
605 3295 744 3339 mansas
773 3282 820 3339 aet
848 3272 1062 3340 Icenantriue
1085 3277 1244 3342 concedo

187 3371 373 3453 Wulfgaro
395 3374 553 3438 ministro
574 3395 663 3452 meo,
679 3395 721 3440 ea
740 3395 825 3440 uero
848 3374 1089 3462 [conditione]
1112 3383 1153 3440 ut
1173 3376 1242 3442 ha-

187 3472 268 3536 beat
291 3480 327 3536 et
350 3473 547 3555 perfruatur
566 3475 639 3538 dies
664 3496 758 3553 suos
780 3485 815 3541 et
834 3484 915 3559 post
941 3477 1035 3540 uitae
1057 3495 1142 3540 suae
1167 3483 1244 3541 ter-

187 3573 318 3636 minum
338 3573 472 3637 duobus
495 3582 631 3638 tantum
655 3577 860 3641 haeredibus
881 3577 1068 3641 immunem
1090 3576 1249 3645 derelin·.

187 3680 294 3756 quat3
324 3675 449 3755 quibus
473 3674 644 3742 defunctis
666 3678 855 3742 aecclesiae
882 3676 938 3741 dei
968 3679 1005 3741 in
1027 3677 1242 3761 Wiogorua·

187 3782 320 3838 ceastre
345 3777 559 3841 restituatur.
611 3779 666 3844 Sit
681 3787 797 3843 autem
819 3787 913 3843 terra
928 3778 998 3842 ista
1017 3778 1125 3843 libera
1142 3783 1243 3847 omni

185 3874 260 3954 regi
283 3873 352 3937 nisi
375 3877 621 3944 aecclesiastici
651 3880 754 3944 censi.
825 3879 947 3943 Doune
974 3880 1004 3943 is
1036 3880 1142 3945 ealles
1165 3877 1242 3949 bees

185 3975 306 4039 landes
330 3977 397 4040 twa
427 3977 509 4042 hida
533 3978 573 4043 be
597 3980 739 4045 Oswald
767 3981 907 4064 bisceop
929 3978 1034 4045 bdcab
1057 3980 1244 4064 wulfgsre

185 4077 239 4140 his
261 4078 368 4161 hegne
392 4078 461 4142 mid
487 4080 542 4144 his
566 4080 738 4146 hlafordes
762 4081 848 4146 leafe
867 4085 986 4167 preora
1007 4101 1135 4146 marma
1156 4083 1243 4170 daeg

186 4197 231 4242 ou
248 4175 289 4241 ba
304 4179 420 4260 gerfid,
437 4201 551 4265 wyrce
569 4180 639 4247 aaet
654 4182 697 4246 he
714 4202 842 4266 wyrce,
857 4181 927 4248 aaet
942 4180 1011 4247 aaet
1025 4183 1107 4249 laud
1124 4185 1156 4247 si
1170 4204 1242 4251 un-
