2858 4890
181 347 248 412 110
440 363 613 413 aarum
636 361 979 411 ruenossxourcrn.

183 540 283 585 amen
308 519 391 584 dixi.
451 522 491 602 ›1‹
513 519 590 601 Ego
608 518 750 584 Elsinus
777 520 886 585 abbas
911 537 990 582 cum
1012 516 1240 582 coabbatibus

181 623 267 686 meis
282 628 318 686 et
330 620 546 704 presbyteris
562 618 768 686 infractores
785 618 889 684 huius
906 617 1082 683 firmitatis
1098 636 1239 682 excom-

183 740 371 789 manicam.

586 918 839 985 nuxxxrr.

493 1043 716 1147 alneis,
733 1070 840 1134 about
855 1068 932 1134 974.

238 1223 278 1303 ›1‹
292 1221 461 1285 Dromas
477 1219 695 1285 auctoritatis
711 1219 957 1284 ammonitione
971 1219 1028 1302 pie
1043 1238 1240 1285 commone-

184 1340 274 1398 mur,
296 1327 334 1385 ut
356 1319 517 1384 recidiuis
547 1320 711 1385 instantis
733 1320 948 1403 uisibilisque
975 1321 1070 1384 uitae
1093 1320 1240 1399 lucellis,

184 1440 328 1504 eaquae
342 1440 411 1484 non
426 1419 588 1484 uidentur
601 1426 636 1484 et
652 1427 794 1485 aeterna
810 1421 1004 1485 subsistunt
1020 1427 1096 1485 toto
1112 1422 1240 1486 mentis

184 1521 310 1585 annisu
322 1521 461 1585 assidue
474 1519 638 1585 indefessi
653 1521 836 1599 lucremur,
847 1521 988 1604 fugique
1005 1520 1112 1585 animi
1128 1523 1240 1587 nostri

185 1620 365 1687 conamine
376 1619 478 1684 fidem
493 1621 660 1685 trinitatis
676 1621 713 1684 in
727 1620 873 1685 unitatis
890 1621 1088 1685 substantia
1100 1641 1240 1687 manen-

185 1729 256 1788 tem
279 1727 474 1786 scrutantes
497 1721 627 1786 sanctis
655 1722 816 1804 operibus
841 1722 994 1786 roborati
1016 1720 1239 1788 deuotissime

184 1821 370 1888 firmemus.
431 1821 648 1887 Thesaurum
685 1822 793 1903 igitur
827 1829 985 1886 terrenae
1021 1823 1240 1888 substantiae

183 1921 281 1987 coelo
297 1922 483 2000 collocans,
501 1941 567 2004 ego
582 1921 721 2005 Eadgar
735 1922 843 1987 totius
855 1923 1074 1987 Brittanniae
1087 1923 1240 1989 basileus

184 2043 255 2087 non
277 2023 388 2087 solum
414 2022 649 2086 habitaculum
674 2023 805 2087 uetusti
823 2022 1024 2088 monasterii
1048 2023 1110 2087 sed
1134 2025 1239 2089 etiam

184 2122 267 2187 noui
292 2141 402 2206 aeque
425 2123 751 2201 sanctimonialium,
776 2130 817 2187 ut
837 2123 1041 2188 coenobitae
1068 2123 1154 2188 inibi
1180 2125 1239 2189 de·

184 2211 306 2305 gentes
326 2243 349 2287 a
365 2222 493 2287 ciuium
514 2222 666 2287 tumultu
691 2223 815 2288 remoti
836 2224 1056 2306 tranquillius
1076 2224 1142 2289 deo
1167 2245 1240 2290 ser·

185 2323 298 2388 uirent
329 2322 529 2401 honorifice,
557 2343 686 2406 magna
710 2323 856 2388 dilataui
874 2324 1036 2403 cautela;
1065 2326 1240 2407 spacium-

185 2441 253 2506 que
284 2443 386 2488 omne
417 2423 583 2507 praefatis
611 2424 785 2488 coenobiis
813 2425 1028 2506 contiguum,
1060 2425 1240 2509 dissipatis

184 2523 415 2589 saecularium
428 2524 657 2601 domunculis,
667 2524 704 2587 in
719 2523 993 2589 honoredomini
1008 2525 1118 2589 nostri
1133 2525 1240 2591 Ihesu

187 2622 318 2689 Christi
341 2623 482 2707 eiusque
504 2624 682 2706 genitricis
704 2643 909 2708 semperque
926 2625 1073 2706 uirginis
1090 2625 1240 2704 Mariae,

186 2723 368 2806 sanctique
397 2723 495 2788 Petri
523 2724 759 2806 apostolorum
789 2725 954 2808 principis
983 2732 1018 2789 et
1047 2726 1242 2810 coapostoli

186 2823 261 2888 eius
286 2823 402 2900 Pauli,
427 2823 548 2888 iisdem
574 2825 705 2888 sanctis
728 2824 815 2889 locis
841 2826 877 2889 in
896 2825 1074 2890 Wentana
1096 2827 1241 2892 ciuitate

186 2922 307 2988 deifice
322 2923 459 3000 locat'm,
473 2930 616 2988 aeterna
630 2923 778 3006 largitus
794 2944 871 2989 sum
890 2925 1116 2991 haereditate.
1162 2927 1242 2992 Ma·

185 3031 268 3092 neat
281 3024 389 3106 igitur
404 3024 598 3107 praefatum
616 3024 743 3088 donum
760 3034 929 3109 perpetua
944 3025 1105 3091 libertate
1120 3026 1241 3092 iocun-

186 3124 281 3202 dum,
301 3123 393 3206 quod
418 3144 464 3189 ex
483 3125 556 3189 suis
575 3123 750 3188 beneficiis
772 3132 914 3191 aeterno
933 3126 998 3191 deo
1021 3127 1241 3192 transitorius

186 3225 312 3289 deuote
327 3224 493 3289 concessi.
546 3224 591 3288 In
604 3224 742 3289 nomine
754 3226 866 3291 almae
881 3226 1049 3291 trinitatis
1065 3234 1101 3291 et
1114 3227 1240 3292 indiui-

186 3324 276 3389 duae
293 3323 437 3388 unitatis
455 3324 642 3408 praecipio,
659 3332 698 3389 ut
712 3345 814 3390 nemo
833 3345 1071 3391 successorum
1087 3346 1242 3392 meorum

186 3431 375 3506 angustare
406 3430 535 3488 temere
563 3432 773 3506 praesumat,
808 3427 901 3508 quod
930 3446 996 3509 ego
1026 3428 1242 3509 amplificans

186 3524 279 3589 circa
292 3523 503 3587 monasteria
522 3522 679 3602 dilataui,
694 3525 755 3589 sed
771 3525 927 3608 spacium
943 3545 1045 3591 omne
1062 3528 1170 3592 muris
1187 3529 1242 3593 uel

186 3624 325 3707 sepibus
352 3622 571 3705 complexum
590 3625 642 3688 uti
664 3625 743 3689 dedi
769 3627 900 3690 sanetis
921 3628 1142 3692 monasteriis
1166 3649 1243 3712 per-

185 3724 374 3806 petualiter
392 3722 578 3788 deseruiat.
630 3724 668 3788 Si
693 3731 809 3789 autem
829 3725 1002 3809 quispiam
1025 3727 1162 3792 altioris
1187 3729 1243 3793 uel

185 3823 358 3889 inferioris
392 3823 522 3888 ordinis
548 3823 651 3889 homo
677 3827 897 3907 angustando
929 3827 1057 3891 donum
1084 3833 1242 3892 nostrum

186 3923 319 3989 uiolare
334 3925 618 4007 praesumpserit,
629 3925 815 3990 anathema
834 3927 892 4003 sit,
908 3933 946 3991 et
964 3946 1042 3991 cum
1061 3926 1164 4006 Iuda,
1181 3927 1244 3993 filii

185 4024 242 4089 dei
263 4031 300 4089 et
321 4023 454 4088 domini
476 4025 586 4088 nostri
610 4024 716 4088 Ihesu
737 4024 868 4091 Christi
889 4027 1078 4110 proditore,
1099 4028 1243 4111 eiusque

186 4123 411 4208 comphcibus
436 4124 599 4189 infernali
616 4125 775 4191 incendio
798 4125 873 4191 sine
893 4127 962 4191 fine
980 4126 1157 4192 cruciatus
1179 4149 1243 4212 pu·
