2858 4890
433 366 606 416 casanae
629 366 971 416 ancmsaxomcnr.
1165 348 1228 419 157

179 531 213 587 et
240 522 394 587 moribus
418 523 465 587 ad
493 522 622 589 Christi
648 526 830 590 roboretur
856 523 1072 600 famulatum,
1097 530 1133 586 et
1159 542 1228 587 non

179 641 304 704 pueros
327 623 385 686 uel
407 623 551 688 iuuenes
569 624 732 700 lascinos,
755 643 902 707 qnorum
924 622 1090 687 laenitate
1113 623 1229 687 laesus

180 722 213 783 in
236 722 411 804 aliquibus
434 722 651 806 deprauetnr.
706 724 805 788 Rura
824 732 894 789 tam
922 742 943 786 a
968 723 1107 803 regibus
1124 740 1227 803 qnam

180 840 201 884 a
217 820 365 885 diuersis
382 823 562 886 catholicis
580 823 625 886 ad
641 842 725 887 usus
742 822 888 887 fratrum
910 822 1049 886 domino
1072 821 1229 902 largiflue

180 919 319 997 collata,
337 921 440 986 huius
456 922 586 986 saeculi
603 922 769 987 militibus
785 923 860 986 sine
884 921 1086 1004 propinquis
1110 939 1229 984 carna·

180 1020 270 1083 libus
293 1040 357 1102 pro
380 1041 521 1085 munero
536 1022 691 1104 quolibet
707 1022 881 1086 adulando
904 1022 1072 1095 tribuens,
1088 1021 1132 1083 ad
1154 1021 1229 1083 ani·

181 1138 257 1183 mae
285 1139 370 1185 snae
399 1121 641 1185 detrimentum
670 1140 890 1204 nequaquam
919 1120 1106 1201 disperdat.
1159 1119 1229 1197 Qui

181 1219 359 1300 praedicta
390 1226 525 1284 statuta
552 1221 714 1284 beniuola
740 1240 880 1288 seruare
906 1219 1086 1284 uoluntate
1109 1218 1231 1283 studu-

181 1321 257 1396 erit,
311 1318 440 1384 domini
472 1320 581 1384 nostri
611 1319 717 1384 Ihesu
750 1319 881 1384 Christi
922 1318 1159 1382 benedictione
1193 1319 1230 1381 in

182 1420 358 1501 praesenti
382 1420 522 1484 saeculo
547 1419 755 1503 perfruatur,
769 1425 805 1483 et
826 1426 907 1502 post
929 1420 1004 1482 eins
1031 1417 1163 1482 obitum
1185 1417 1229 1481 ad

183 1525 346 1582 aeternae
361 1519 584 1583 beatitudinis
599 1519 707 1583 uitam
723 1517 864 1583 Christo
881 1519 1073 1601 opitulante
1089 1536 1231 1580 securus

183 1618 374 1700 perueniat.
425 1617 463 1681 Si
489 1619 567 1699 quis
593 1625 710 1683 autem
740 1618 952 1700 philargyria
977 1616 1140 1680 seductus
1171 1615 1234 1678 ali-

183 1716 266 1798 quid
291 1736 337 1780 ex
361 1717 527 1800 hisquae
550 1737 627 1782 curn
653 1717 798 1782 consilio
819 1716 1027 1799 sapientium
1047 1723 1233 1797 praecepta

181 1823 266 1880 sunt
289 1816 346 1879 uel
368 1817 521 1881 minuere
542 1817 824 1900 praesumpserit,
840 1816 996 1880 deleatur
1013 1834 1135 1878 nomen
1158 1816 1232 1877 eius

184 1915 226 1979 de
252 1915 343 2001 libro
368 1916 474 1993 uitae,
496 1923 532 1980 et
558 1917 594 1980 in
618 1915 722 1980 Ihesu
742 1916 872 1980 Christi
899 1915 1085 1979 saluatoris
1115 1914 1233 1976 mundi

184 2014 329 2097 eiusque
350 2016 527 2097 genitricis
545 2015 680 2081 Mariae
697 2016 916 2098 omniumque
937 2021 1133 2078 sanctornm
1154 2033 1233 2095 per·

185 2114 363 2178 secutione
383 2123 534 2192 maneat,
557 2122 693 2198 etpost
716 2117 810 2180 uitae
835 2134 920 2178 suae
947 2114 1129 2178 terminum
1156 2133 1234 2176 cnm

187 2213 278 2278 Iuda
304 2211 435 2277 Christi
471 2214 645 2297 proditore
681 2217 824 2298 eiusque
854 2214 1078 2296 complicibus
1112 2212 1235 2276 inserui

186 2314 326 2376 miseria
360 2313 501 2395 punitus
531 2315 690 2392 intereat,
710 2315 753 2379 si
787 2335 855 2378 non
888 2334 967 2378 cum
1000 2311 1235 2377 satisfactione

187 2412 434 2490 amendauerit‚
450 2413 543 2495 quod
558 2415 715 2497 nequiter
730 2412 917 2497 peiorando
932 2412 1087 2495 deliquit.

550 2754 569 2774 Δ
646 2660 788 2725 DCXI.

514 2783 817 2861 EADWEARD,
838 2783 916 2847 977.

245 2913 285 2993 ›1‹
302 2910 347 2975 ΙΝ
369 2910 507 2976 nomine
528 2911 584 2974 dei
606 2910 730 2973 summi
756 2915 791 2971 et
811 2905 989 2970 altissimi!
1043 2903 1155 2967 Certis
1175 2904 1236 2967 ad-

189 3010 473 3094 stipulationihus
498 3029 561 3073 nos
586 3010 698 3073 sancti
716 3014 751 3072 et
767 3007 849 3070 iusti
876 3013 993 3088 patres
1011 3002 1236 3085 frequentati·

190 3111 243 3173 uis
269 3109 524 3174 hortationibus
546 3111 733 3173 admonent
753 3114 793 3169 ut
814 3105 915 3169 deum
941 3123 1042 3187 quem
1062 3102 1237 3182 diligimus

192 3215 227 3273 et
249 3209 421 3274 credimus
453 3209 576 3273 intima
603 3207 728 3271 mentis
757 3205 938 3271 affectione
963 3222 1041 3266 cum
1070 3203 1237 3264 bonorum

192 3328 336 3392 operum
351 3309 533 3392 diligentia
557 3309 771 3372 incessanter
797 3324 875 3368 eum
890 3303 1073 3366 timeamus
1093 3308 1128 3363 et
1143 3319 1236 3363 ame-

192 3427 280 3485 mus,
303 3409 387 3492 quia
410 3408 669 3473 retributionem
697 3405 849 3471 omnium
879 3409 1018 3466 actuum
1042 3407 1237 3464 nostrorum

192 3507 228 3571 in
257 3509 314 3573 die
344 3508 610 3573 examinationis
641 3508 743 3571 iuxta
776 3502 1046 3582 uniuscuiusque
1078 3499 1238 3562 meritum

193 3607 336 3687 reddet3
361 3606 508 3691 ideoque
529 3605 755 3671 subtilissima
778 3602 902 3666 mentis
925 3599 1116 3664 certatione
1140 3599 1238 3660 illum

192 3707 321 3771 imitari
342 3713 555 3789 satagamus,
570 3706 651 3770 licet
673 3702 827 3768 mortalis
845 3701 939 3764 uitae
956 3698 1107 3781 pondere
1130 3699 1239 3779 pressi

193 3815 227 3870 et
240 3807 437 3870 labentibus
452 3807 553 3870 huius
570 3804 700 3869 saeculi
718 3800 991 3886 possessionibus
1007 3799 1115 3861 simus
1130 3798 1239 3860 insae-

191 3907 274 3983 oati‚
297 3913 413 3971 tamen
429 3905 661 3971 miserationis
680 3904 754 3966 eius
775 3899 939 3982 largitate
961 3897 1100 3961 caducis
1118 3897 1240 3979 opibus

195 4012 337 4070 aeterna
373 4006 534 4071 coelestis
566 4006 660 4069 uitae
696 4001 850 4086 praemia
886 3999 1032 4062 mercari
1061 4015 1240 4079 queamus.

196 4104 417 4189 Quapropter
442 4126 508 4188 ego
535 4104 771 4170 Eadweardus
793 4100 913 4164 diuina
939 4096 1042 4161 michi
1069 4103 1242 4160 annuente
