2858 4890
180 361 246 426 190
433 378 605 427 culnrnn
629 376 970 426 luerosnxomcau.

182 534 297 598 weard
323 534 490 598 minister.
562 536 601 616 »14
620 532 697 615 Ego
713 533 843 597 Ordulf
865 533 1031 596 minister.
1101 533 1140 612 »14
1158 531 1235 611 Ego

183 633 330 697 Wulsric
346 634 514 697 minister.
571 635 611 717 »14
635 633 712 715 Ego
728 634 851 697 AElfric
874 632 1041 696 minister.
1098 633 1138 712 »14
1159 631 1236 712 Ego

183 732 357 813 Wulfsige
378 732 544 797 minister.
629 735 668 813 »14
690 733 767 814 Ego
792 733 926 798 Leosric
953 731 1119 795 minister.
1192 732 1231 812 »14

185 832 261 913 Ego
291 831 461 912 AEbelwig
492 833 656 895 minister.
731 836 770 914 »14
806 832 882 913 Ego
912 830 1035 894 AElfrio
1068 830 1236 893 minister.

189 933 228 1013 »14
244 930 320 1013 Ego
337 929 477 995 ordnoa
497 932 663 996 minister.
733 934 772 1015 »14
790 932 867 1013 Ego
884 929 1051 995 AEbelnoa
1068 930 1235 993 minister.

189 1033 228 1112 »14
244 1031 320 1111 Ego
330 1031 491 1112 Leossige
508 1031 674 1095 minister.
723 1034 763 1113 »14
783 1032 860 1112 Ego
875 1030 1050 1112 AEbelsige
1066 1030 1235 1093 minister.

188 1130 227 1210 »14
245 1130 320 1211 Ego
339 1130 488 1211 AElfsige
503 1131 668 1193 minister.
725 1133 764 1211 »14
782 1131 858 1213 Ego
869 1131 1017 1195 Wulsric
1033 1130 1201 1193 minister.

246 1228 376 1294 Rubria.
430 1229 496 1294 Dis
518 1230 548 1292 is
564 1229 644 1292 baira.
665 1222 785 1314 bresma
807 1232 889 1295 bida
911 1231 979 1294 and
998 1246 1109 1293 .xxx.
1127 1247 1236 1291 aecera

184 1317 251 1390 boc
279 1335 325 1392 aet
352 1329 467 1407 Stoce,
489 1327 540 1393 aa
567 1327 725 1394 AEBelred
752 1331 832 1412 cing
863 1321 1051 1412 gebocodae
1077 1318 1236 1392 LeosrIce

186 1446 230 1489 on
253 1427 311 1491 ece
327 1428 412 1510 yrse.

580 1641 844 1706 DCXXXIV.

550 1768 771 1867 oswino,
793 1790 870 1855 ose.

242 1925 281 2005 »14
299 1922 479 1988 Auunuuo
499 1923 654 2003 genitore
677 1942 754 1986 cum
779 1922 900 1986 inclita
919 1922 1020 2005 ¹prole
1047 1931 1237 2007 sanctoque

138 2053 142 2060 ·
186 2023 366 2107 paraclyto
386 2024 422 2086 in
440 2023 550 2087 tribus
575 2023 786 2105 tripudiante
800 2023 968 2104 personis,
986 2030 1091 2105 atque
1111 2025 1148 2087 iu
1168 2044 1238 2088 una

186 2124 263 2186 usia
288 2122 407 2186 deifice
434 2121 550 2187 omnia
575 2121 791 2186 saeculorum
813 2121 891 2184 iura
918 2121 994 2184 sola
1022 2141 1087 2185 sua
1114 2125 1239 2204 guber-

187 2229 292 2286 nante
321 2222 500 2304 potentia:
525 2221 623 2285 cuius
644 2241 756 2286 sermo
781 2227 835 2284 est
851 2221 1015 2304 quioquid
1039 2224 1237 2287 mortalium

187 2320 341 2385 subiacet
365 2322 510 2398 nisibus,
555 2340 689 2385 necnon
726 2340 882 2403 quaeque
916 2320 1140 2385 clandestinis
1174 2343 1237 2387 na·

187 2427 286 2484 turae
319 2420 482 2483 clausulis
511 2420 686 2484 hominum
723 2420 898 2485 abduntur
934 2420 1125 2485 obtutibus.
1195 2422 1239 2486 In

187 2520 284 2583 cuius
307 2527 467 2583 onomate
492 2540 557 2600 ego
580 2519 762 2583 Oswaldus
784 2519 839 2583 dei
865 2520 1099 2584 munificentia
1127 2522 1239 2586 archi-

186 2619 335 2701 praesul,
363 2618 530 2682 modicam
562 2619 696 2684 telluris
723 2620 940 2702 particulam,
973 2619 1009 2682 id
1042 2627 1105 2696 est,
1132 2640 1238 2685 uuam

186 2737 355 2793 mansam,
371 2726 563 2800 spontanea
578 2719 732 2782 concessi
747 2719 934 2783 donatione
950 2739 1026 2782 meo
1043 2718 1137 2784 fideli
1152 2723 1239 2786 arti—

188 2817 243 2881 fici
259 2815 453 2881 Wulssrelm
476 2817 587 2882 utenti
610 2817 830 2896 uocitamine,
851 2839 914 2901 pro
941 2819 1015 2883 eius
1042 2818 1163 2884 humili
1188 2822 1240 2885 fa·

187 2919 332 2994 mulatu,
348 2925 452 3000 atque
468 2917 583 2981 studio
603 2918 777 3000 dignoque
792 2919 914 3000 pretia,
929 2925 970 2981 ut
985 2920 1148 3001 quamdiu
1163 2923 1239 2985 uita

185 3017 280 3081 illius
302 3036 417 3083 comes
440 3017 554 3095 fuerit,
572 3018 677 3081 libere
699 3016 826 3080 babeat
847 3019 1001 3099 beneque
1018 3019 1237 3102 perfruatnr3

186 3124 221 3181 et
236 3124 316 3201 post
340 3125 467 3182 metam
489 3117 619 3200 proprii
637 3118 726 3195 aeui,
742 3117 944 3199 cuicumque
969 3118 1162 3182 decreuerit
1183 3141 1237 3184 re-

186 3216 321 3299 linquat
331 3218 489 3294 baeredi;
508 3225 587 3299 post
598 3218 695 3280 cuius
705 3218 900 3295 terminum,
912 3217 1078 3300 pristinae
1094 3227 1237 3284 sanctae

187 3316 242 3379 dei
260 3317 436 3397 genitricis
451 3316 638 3381 aecclesiae
655 3317 816 3381 immunis
835 3317 1049 3381 restituatur.
1099 3318 1238 3402 Scripta

187 3421 240 3478 est
255 3422 372 3478 autem
394 3414 479 3478 haec
501 3416 635 3480 cartula
662 3436 753 3481 anuo
775 3417 967 3481 dominicae
988 3417 1238 3484 iucarnationis

188 3530 476 3578 occcunxxxu.
499 3514 553 3578 his
584 3516 729 3579 testibus
760 3516 1064 3594 consentientibus,
1090 3538 1238 3601 quorum

189 3613 328 3678 uomina
343 3613 486 3677 iuferius
502 3614 632 3697 scripta
648 3624 845 3680 cernuntur.
1202 3621 1205 3625 ’

242 3714 282 3793 »14
300 3712 375 3793 Ego
403 3712 585 3778 Oswaldus
618 3714 852 3798 archipraesul
881 3714 1021 3779 donani.
1092 3717 1131 3796 »14
1160 3719 1238 3802 Ego

188 3811 366 3876 Winsinus
392 3813 523 3894 primus
547 3815 716 3879 consensi.
789 3817 828 3895 »14
849 3814 1018 3877 AElfsinus
1043 3818 1238 3900 presbyter.

194 3913 233 3993 »14
252 3912 327 3995 Ego
343 3912 534 3977 Eadweard
555 3915 746 3998 presbyter.
819 3916 858 3997 »14
879 3913 1018 3994 Eadgar
1044 3918 1239 4001 presbyter.

193 4011 232 4092 »14
262 4011 337 4093 Ego
354 4012 533 4078 AEbelstan
562 4015 752 4096 presbyter.
789 4008 792 4014 ’
824 4015 864 4094 »14
886 4013 1026 4078 Wistan
1044 4017 1240 4099 presbyter.

193 4113 232 4194 »14
254 4111 330 4193 Ego
338 4111 551 4177 Wulfweard
571 4113 747 4177 diaconus.
814 4114 853 4193 »14
873 4113 949 4196 Ego
968 4112 1105 4179 Godiuc
1120 4117 1240 4182 diaco-
