2858 4890
180 352 245 416 152
441 362 615 412 casuras
638 361 980 411 suouoslxonrosn.

622 613 801 682 novur.

604 738 823 833 uincla.

245 918 284 998 ›1‹
308 914 489 980 Klmsrs
512 915 650 978 diuinae
673 913 891 979 auctoritatis
914 913 1130 996 agiographo
1152 933 1242 977 com-

191 1034 369 1078 monemur
396 1022 435 1078 ut
457 1022 594 1078 terrena
618 1015 811 1097 praesentis
834 1014 964 1076 saeculi
985 1013 1082 1076 lucra
1107 1013 1242 1090 dantes,

190 1114 355 1178 coelestia
372 1121 533 1178 aeternae
556 1113 781 1177 beatitudinis
802 1112 1035 1177 emolumenta
1050 1113 1124 1194 iugi
1148 1113 1244 1175 inde·

192 1213 352 1295 fessoque
376 1212 598 1294 adquiramus
621 1213 758 1287 labore;
783 1211 929 1294 ideoque
945 1213 1115 1275 incertum
1138 1211 1245 1275 futuri

195 1313 360 1395 temporis
398 1319 527 1376 statum
564 1312 899 1394 mutabilitatemque
928 1311 1031 1374 certis
1064 1310 1246 1375 dinoscens

195 1411 343 1488 indiciis,
368 1413 451 1475 totis
473 1411 617 1489 uiribus,
636 1419 741 1494 prout
762 1430 866 1494 posse
887 1411 1019 1474 dederit
1039 1411 1098 1492 qui
1122 1420 1248 1474 cuncta

196 1511 340 1588 creauit,
350 1511 497 1573 subnixe
514 1510 677 1588 delibero,
691 1518 731 1574 ut
745 1510 972 1593 redemptoris
988 1510 1098 1573 nostri
1114 1529 1249 1592 posses·

198 1611 330 1675 sionem
361 1610 536 1673 aecclesiis
559 1610 633 1673 iure
660 1610 856 1691 delegatam
877 1611 912 1673 in
935 1611 1084 1691 priorem
1107 1617 1250 1674 sanctae

199 1709 375 1791 religionis
395 1715 523 1773 statum
548 1710 650 1773 certis
677 1711 840 1774 roborata
861 1709 1024 1772 litterulis
1050 1709 1250 1773 medullitus

200 1808 473 1882 consolidarem3
505 1816 719 1891 quapropter
741 1828 807 1890 ego
830 1807 972 1889 Eadgar
997 1806 1115 1871 diuina
1138 1809 1250 1872 indul·

202 1914 307 1990 gente
322 1907 505 1971 clementia
522 1909 629 1972 totius
646 1909 867 1972 Britannicae
886 1907 1020 1971 insulae
1043 1908 1132 1971 solio
1156 1908 1253 1972 sulli-

204 2015 331 2083 matus,
354 2006 525 2088 quoddam
550 2026 609 2069 rus
631 2008 724 2089 quod
742 2007 856 2088 prisco
872 2006 1070 2072 Wealtham
1091 2014 1253 2072 onomate

205 2122 386 2172 ‚xxxvun
397 2112 611 2171 cassatorum
629 2107 711 2172 olim
720 2106 954 2171 Wintoniensi
972 2107 1098 2171 ueteris
1116 2127 1254 2172 monas·

206 2206 284 2272 terii
307 2205 490 2270 cathedrae
512 2207 754 2271 commutando
769 2225 981 2283 concessum,
998 2207 1098 2270 nouis
1116 2209 1254 2289 apicum

208 2307 316 2388 signis
331 2324 508 2382 renouare,
515 2305 733 2370 AEttelwoldo
744 2305 903 2388 praesule
920 2306 1254 2390 suppliciterdepos·

209 2413 319 2482 cente,
346 2412 526 2486 gratanter
553 2406 726 2488 permitto.
780 2404 981 2470 Praefatum
1005 2407 1175 2487 siquidem
1198 2427 1257 2470 rus

209 2512 444 2569 antecessores
468 2506 576 2569 nostri
599 2513 740 2569 sanctae
761 2505 816 2569 dei
838 2506 1025 2570 aecclesiae
1049 2507 1259 2571 reuerendae

211 2604 372 2681 trinitati,
410 2605 552 2686 eiusque
587 2605 754 2687 apostolis
783 2605 889 2670 Petro
921 2613 956 2669 et
981 2605 1093 2671 Paulo
1125 2607 1261 2672 dicatae

212 2724 276 2787 pro
308 2706 575 2769 commutatione
606 2704 699 2768 illius
737 2705 867 2786 oppidi,
899 2704 991 2788 quod
1018 2705 1262 2771 Porteceaster

213 2811 443 2885 nuncupatur,
470 2805 563 2869 omni
589 2804 755 2868 mundiali
780 2805 922 2870 seruitio
948 2806 1098 2869 solutum
1123 2826 1264 2872 conces·

214 2913 342 2968 serunt.
395 2903 449 2968 Sit
465 2904 573 2985 igitur
590 2903 781 2986 praefatum
800 2923 859 2966 rus
874 2905 972 2968 cuius
988 2925 1053 2987 ego
1072 2925 1150 2969 cum
1172 2910 1263 2990 opti-

213 3012 343 3068 matum
361 3023 515 3068 meorum
538 3003 682 3067 consilio
707 3002 899 3068 libertatem
922 3004 1069 3069 fideliter
1082 3010 1264 3089 renouani,

214 3111 355 3167 aeterna
377 3104 589 3169 iocunditate
615 3103 802 3186 gloriosum
825 3122 904 3167 cum
925 3106 1083 3169 omnibus
1107 3107 1174 3170 sibi
1199 3109 1265 3174 rite

215 3203 477 3286 pertinentibus
501 3204 609 3287 pratis
639 3202 810 3279 uidelicet,
841 3204 993 3286 pascuis,
1018 3205 1137 3286 siluis3
1160 3227 1268 3290 expe-

216 3303 355 3365 ditionis
382 3303 548 3380 laborem,
572 3303 688 3386 pontis
719 3305 853 3367 arcisue
879 3306 1166 3369 restaurationem
1190 3315 1268 3372 tan-

218 3402 394 3465 tummodo
422 3403 609 3483 persoluat,
640 3404 727 3466 alias
759 3410 901 3467 aeterna
924 3404 1135 3478 jocundetur
1161 3407 1267 3472 liber-

218 3508 301 3565 tate.
349 3500 386 3563 Si
408 3502 485 3582 quis
502 3507 617 3565 autem
641 3501 770 3566 diaboli
794 3502 960 3585 pellectus
982 3504 1148 3569 instinctu
1177 3507 1269 3573 hanc

219 3608 422 3683 perpetuam
439 3607 577 3663 nostrae
597 3603 832 3666 renouationis
853 3603 1048 3668 libertatem
1063 3605 1197 3670 uiolare
1215 3611 1271 3674 uel

220 3701 372 3763 minuere
403 3699 518 3763 audax
545 3703 826 3782 praesumpserit,
853 3721 875 3765 a
899 3710 1021 3767 sancta
1046 3705 1201 3787 corporis
1235 3719 1269 3775 et

220 3799 399 3880 sanguinis
430 3800 559 3863 domini
590 3802 700 3863 nostri
728 3801 832 3865 Ihesu
865 3801 993 3865 Christi
1017 3807 1270 3888 communione,

137 3928 138 3932 ¹
221 3909 257 3964 et
282 3907 402 3963 sancta
424 3900 478 3963 dei
502 3900 675 3978 aecclesia,
696 3919 737 3964 ac
753 3909 950 3965 sanctorum
974 3903 1126 3967 omnium
1149 3917 1271 3973 contu-

223 4000 339 4064 bernio
361 4007 576 4082 segregatus,
594 4009 735 4064 aeterna
759 4001 883 4065 insorni
901 4003 1039 4065 miseria
1061 4002 1270 4087 dampnatus

222 4103 382 4177 intereat,
406 4102 435 4163 si
468 4120 536 4163 non
559 4100 795 4167 satisfactione
822 4121 977 4184 congrua
1000 4103 1175 4169 humiliter
1196 4129 1271 4176 cor·
