2858 4890
368 382 541 439 cunnrnn
567 390 909 441 nnenosnxourcnu.
1099 379 1166 442 245

104 547 201 626 licet,
210 568 380 627 mansam,
389 550 425 612 in
440 550 517 614 loco
530 570 633 634 quem
647 552 742 615 illius
759 560 871 616 terrae
886 553 1049 616 solicolae
1059 552 1163 616 Gum-

105 654 171 712 tuu
195 651 363 727 uocitant,
378 650 500 714 libenti
522 652 674 716 concedo
693 653 818 729 animo,
841 672 919 715 cum
936 653 1093 716 omnibus
1117 655 1162 717 ad

106 768 188 812 eum
216 750 282 815 rite
311 751 573 833 pertinentibus
600 771 678 815 cum
702 753 863 816 consultu
888 760 993 836 atque
1017 754 1162 836 permis·

103 851 204 914 sione
240 850 448 914 uenerabilis
476 851 781 933 Wiogoruensium
822 853 984 930 familiae,
1019 853 1162 917 Eadwio

104 971 194 1027 meo,
209 951 383 1028 uidelicet,
399 951 576 1030 ministro;
601 961 640 1016 ut
655 952 782 1016 habeat
797 960 832 1017 et
851 953 1027 1035 possideat
1041 954 1161 1018 diebus

104 1052 200 1115 uitae
228 1071 333 1126 suae;
366 1059 402 1116 et
428 1058 508 1134 post
533 1053 698 1135 temporis
720 1053 780 1116 ‘sui
803 1052 996 1130 decursum,
1015 1054 1160 1131 duobus,

29 1220 32 1224 Α
104 1153 379 1235 quibuscumque
411 1152 613 1230 decreuerit,
648 1160 728 1236 post
757 1160 883 1216 metam
915 1154 1045 1236 proprii
1082 1155 1159 1217 aeui

102 1253 308 1318 cleronomis
334 1253 528 1335 relinquat3
558 1263 594 1316 et
616 1260 737 1336 postea
766 1261 1081 1336 supramemoratae
1105 1274 1159 1317 re·

102 1355 270 1418 stituatur
294 1353 493 1417 aecclesiae.
553 1353 608 1418 Sit
637 1361 753 1417 autem
777 1361 870 1417 terra
895 1354 956 1417 illa
980 1355 1088 1418 libera
1114 1357 1158 1418 ab

102 1455 196 1518 omui
212 1453 398 1518 mundialis
417 1454 467 1517 rei
490 1455 641 1535 negotio,
658 1462 795 1536 praeter
816 1455 931 1536 pontis
953 1456 1086 1519 arcisue
1104 1475 1157 1519 re-

102 1555 363 1631 staurationem,
383 1560 420 1618 et
443 1553 697 1637 expeditionem
724 1562 845 1618 contra
872 1554 1000 1618 hostes
1052 1552 1158 1618 Anno

102 1656 293 1720 dominicae
313 1655 562 1719 incarnationis
574 1671 917 1718 ‚ooooemxxxvurn
935 1655 1158 1719 corroborata

102 1765 154 1820 est
184 1756 270 1820 haee
295 1755 439 1830 cartula,
469 1756 668 1819 testimonio
697 1774 814 1819 eorum
840 1774 985 1839 quorum
1017 1756 1157 1820 nomina

103 1857 155 1921 bic
176 1856 269 1920 infra
290 1855 564 1920 subscribuntur.

156 1959 197 2041 »14
227 1957 305 2038 Ego
345 1955 529 2020 Oswaldus
564 1956 747 2037 largitione
783 1956 1034 2037 archipontifex
1077 1976 1155 2019 cum

103 2066 277 2123 caractere
300 2063 447 2120 'sauctae
472 2057 584 2120 crucis
611 2057 843 2121 corroboraui.
908 2059 947 2137 »14
971 2056 1154 2120 AE’delstau

102 2161 243 2242 primus.
307 2161 346 2239 »14
361 2156 537 2239 AEbelsige
567 2157 758 2242 presbyter.
835 2158 874 2236 »14
893 2156 1033 2237 Eadgar
1059 2176 1153 2238 pres·

101 2261 211 2343 byter.
269 2258 456 2340 ›14Wistan
475 2258 667 2342 presbyter.
720 2257 759 2338 »14
775 2255 949 2338 AEdelsige
965 2257 1155 2339 presbyter.

106 2358 348 2444 fflAEbelstan
372 2359 562 2441 presbyter.
629 2360 668 2438 »14
686 2357 846 2438 Godingc
870 2357 1047 2422 diaconus.
1110 2359 1149 2440 »14

103 2461 268 2526 Leofsta'n
287 2459 441 2524 clericus.
498 2461 537 2539 »14
558 2457 752 2523 Wulfward
769 2458 925 2524 clericus.
987 2460 1026 2538 »14
1041 2456 1155 2521 AEbel-

101 2563 148 2626 ric
187 2561 344 2625 clericus,
418 2560 458 2640 »14
484 2556 668 2641 Cynobegu
698 2559 854 2622 clericus.
926 2561 965 2639 »14
992 2557 1155 2640 Wulfgar

100 2662 255 2726 clericus
321 2659 496 2741 ›1⁴0swig
510 2659 709 2722 monachus.
778 2662 817 2740 »14
838 2658 1013 2721 Leofwine
1034 2679 1153 2723 mona-

100 2763 192 2827 eb'us,
250 2763 290 2843 »14
303 2758 452 2826 Wulfric
473 2759 630 2824 clericus
679 2761 718 2839 »14
735 2758 900 2823 Wulsnob
915 2759 1069 2823 clericus.

561 2948 681 2960 ——u

531 3063 726 3129 ncuxx.

470 3190 691 3293 oswino,
713 3213 788 3280 989.

151 3375 191 3455 »14
211 3370 377 3434 Guarsro
398 3373 634 3430 creaturarum
657 3364 872 3447 propriarum
894 3363 1009 3427 omnia
1027 3366 1153 3447 ubique

100 3492 205 3556 regua
230 3490 294 3533 suo
316 3469 352 3531 in
375 3486 536 3530 mensura
558 3474 593 3530 et
615 3465 767 3548 pondere
788 3465 991 3546 disponente
1014 3465 1150 3547 sophis-

99 3575 206 3638 mate!
240 3571 444 3635 Sauctarum
462 3567 638 3649 praecipui
655 3566 903 3648 seripturarum
916 3572 1071 3628 oratores
1087 3566 1152 3630 boc

98 3678 293 3739 statuerunt
322 3668 554 3749 dogmatibus
578 3666 740 3750 quatinus
766 3665 927 3747 quicquid
955 3666 1150 3730 mortalium

97 3774 226 3840 uellent
250 3771 375 3834 addere
398 3768 662 3832 necessitatibus
684 3766 862 3830 literarum
890 3765 1045 3848 apicibus
1073 3786 1152 3829 uec-

95 3882 238 3948 teretur,
259 3890 302 3934 ne
319 3869 409 3934 forte
432 3870 470 3933 in
492 3868 639 3951 posteris
662 3865 813 3930 rationes
835 3866 878 3929 ad
894 3865 1041 3928 inuicem
1058 3885 1151 3929 com-

97 3983 218 4058 pactas
241 3971 369 4036 obliuio
396 3970 470 4033 siue
494 3968 610 4052 potius
636 3967 802 4030 insidiosa
824 3966 919 4029 fraus
937 3966 1048 4030 deleat
1073 3986 1151 4031 suc·

97 4073 301 4142 cedentium.
369 4070 591 4152 Quapropter
619 4086 685 4148 ego
713 4067 881 4143 Osuuald,
909 4067 1048 4160 superni
1079 4087 1152 4131 rec-

98 4176 180 4242 to'ris
196 4174 307 4240 fultus
323 4169 499 4236 iuuamiue
521 4168 768 4250 archipraesul,
785 4187 863 4231 cum
880 4167 1018 4231 licentia
1035 4166 1148 4231 AEbel·
