2858 4890
184 369 229 434 94
443 390 617 438 curasan
639 388 977 437 nucuosnxourcnn.
1059 397 1066 410 =

186 546 324 610 bantur.
365 545 561 612 Mercatum
572 567 712 630 quoque
725 547 968 612 constituimus
983 547 1018 610 in
1033 545 1149 610 Burch
1169 547 1240 610 sin-

188 647 321 726 gulare,
345 656 385 712 ut
412 648 544 711 nullum
564 648 659 712 aliud
682 648 851 712 habeatur
878 648 969 713 inter
996 646 1181 712 Stanforde
1208 656 1243 713 et

188 746 413 825 Huntedune,
429 757 465 814 et
482 749 524 812 ad
541 748 628 812 illud
645 748 780 826 damus,
798 748 993 830 ibidemque
1013 748 1168 830 persolui
1190 749 1242 813 in.

187 849 319 925 bernus,
338 854 450 913 totum
469 850 544 913 sine
562 849 635 913 ulla
655 849 928 914 contradictione
945 847 1156 926 theloneum,
1176 849 1240 915 hoc

187 954 251 1025 est,
261 949 374 1030 primo
386 949 428 1012 de
441 955 516 1013 tota
526 949 747 1014 Witlesmere
760 969 871 1033 usque
882 949 927 1011 ad
938 947 1135 1012 theloneum
1148 951 1240 1032 regis

187 1048 280 1130 quod
299 1049 390 1113 iacet
403 1049 447 1113 ad
459 1049 614 1114 hundred
628 1051 670 1114 de
681 1050 901 1115 Normannes
912 1048 1028 1126 Cross,
1045 1057 1080 1113 et
1095 1049 1138 1114 de
1147 1051 1240 1116 Wit-

187 1147 331 1213 lesmere
347 1149 438 1213 sicut
454 1149 631 1214 Merelade
654 1151 750 1214 uenit
766 1150 810 1213 ad
832 1168 959 1233 aquam
978 1149 1092 1227 Nene,
1108 1157 1144 1214 et
1160 1151 1241 1217 inde

187 1249 278 1313 sicut
294 1268 386 1332 aqua
403 1251 512 1314 currit
528 1249 573 1315 ad
583 1250 829 1315 Walmisforde
842 1271 851 1329 3
875 1257 910 1314 et
925 1250 967 1314 de
977 1249 1239 1330 Walmisforde,

188 1368 298 1431 usque
323 1349 368 1412 ad
391 1349 598 1430 Stanforde3
633 1358 668 1415 et
692 1350 735 1415 de
758 1350 942 1414 Stansorde
969 1351 1071 1415 iuxta
1097 1370 1238 1416 cursum

186 1467 299 1531 aquae
317 1469 427 1532 usque
454 1451 497 1513 ad
517 1450 711 1525 Crulande;
747 1457 782 1514 et
803 1450 845 1514 de
862 1449 1035 1515 Crulande
1059 1470 1172 1535 nsque
1194 1453 1236 1518 ad

187 1548 308 1623 Must3
341 1556 377 1614 et
388 1548 430 1614 de
441 1549 540 1615 Must
555 1571 666 1634 usque
683 1551 727 1614 ad
740 1549 966 1633 Kingesdelf;
996 1558 1031 1615 et
1042 1551 1167 1616 deinde
1178 1574 1238 1617 us·

187 1669 255 1731 que
267 1649 312 1718 ad
326 1649 776 1733 praedictamWitlesmere.
827 1649 978 1734 Propter
992 1652 1092 1715 uaria
1108 1654 1238 1737 quippe

186 1748 285 1814 lucra
310 1757 346 1814 et
374 1751 605 1833 corporalium
631 1759 667 1816 et
695 1751 927 1834 spiritualium
954 1751 1144 1817 utilitatum
1172 1753 1238 1819 hoc

187 1857 376 1915 mercatum
400 1851 615 1915 decernimus
635 1852 708 1916 illic
732 1852 910 1929 celebrari,
927 1858 963 1915 et
977 1853 1130 1935 undique
1150 1853 1237 1918 illud

186 1951 314 2032 requiri
336 1959 508 2034 quatenus
525 1959 560 2015 et
576 1953 630 2016 dei
652 1951 812 2028 ministri,
828 1951 908 2016 inde
929 1951 1137 2016 adiuuentur
1157 1974 1237 2036 pro·

186 2051 360 2134 pinquius,
380 2059 416 2116 et
430 2071 452 2115 a
468 2059 695 2116 concurrente
711 2052 841 2134 populo
854 2053 947 2116 inter
962 2059 1101 2117 terrena
1117 2074 1237 2119 neces·

185 2151 278 2214 saria
292 2152 456 2216 coelestia
477 2159 641 2234 petantur
656 2152 821 2230 subsidia,
837 2153 1023 2217 dummodo
1039 2173 1103 2236 per
1124 2156 1238 2221 sancti

186 2249 284 2315 Petri
315 2252 474 2335 quaesita
502 2252 707 2334 patrocinia,
740 2261 776 2317 et
805 2273 868 2335 per
900 2254 1082 2317 missarum
1115 2255 1237 2321 audita

186 2353 350 2434 mysteria
372 2351 560 2416 secundum
582 2352 684 2416 fidem
706 2353 888 2418 cuiuslibet
902 2353 950 2418 ibi
966 2355 1102 2437 possint
1115 2356 1236 2421 redimi

185 2451 400 2516 diuersarum
433 2452 659 2517 offensionum
696 2452 823 2518 debita.
900 2453 1011 2519 Porro
1049 2455 1237 2521 decedente

184 2552 310 2616 abbate
332 2553 375 2616 de
397 2552 516 2619 eadem
539 2555 821 2635 congregatione,
850 2553 975 2618 fratres
998 2575 1234 2622 successorem

184 2651 344 2717 idoneum
360 2652 503 2735 eligant,
521 2661 557 2719 et
567 2655 659 2736 regis
674 2654 794 2719 fauore
809 2654 1004 2729 ordinetur;
1025 2655 1115 2720 hanc
1127 2657 1237 2739 igitur

183 2754 292 2817 totius
320 2754 493 2832 abbatiae,
527 2762 600 2818 tam
632 2755 669 2818 in
703 2755 901 2839 longinquis
932 2774 1036 2838 quam
1067 2758 1237 2839 proximis

183 2855 459 2936 possessionibus
477 2854 652 2936 regificam
669 2855 862 2920 libertatem
880 2855 923 2919 ab
938 2856 1094 2920 omnibus
1112 2877 1236 2940 appre

183 2955 468 3039 batam,excepta
478 2954 580 3020 modo
593 2961 670 3019 rata
682 2955 912 3039 expeditione,
925 2962 960 3019 et
971 2956 1086 3038 pontis
1099 2959 1235 3023 arcisue

184 3064 299 3119 restau
305 3058 449 3133 ratione,
455 3057 647 3138 satagimus
659 3076 721 3138 per
732 3057 846 3139 ipsum
856 3055 1117 3119 deuotissimum
1132 3056 1235 3123 huius

184 3156 424 3239 descriptionis
443 3166 618 3222 auctorem
630 3155 893 3234 AEdelwoldum,
910 3175 932 3220 a
946 3156 1027 3220 sede
1042 3159 1236 3240 apostolica

184 3255 366 3320 Romanae
383 3257 571 3323 aecclesiae
585 3257 687 3322 iuxta
703 3256 914 3341 primitiuam
930 3256 1079 3321 eiusdem
1094 3277 1235 3322 monas-

183 3356 261 3419 terii
283 3357 532 3421 institutionem
558 3365 724 3440 perpetuo
738 3358 972 3422 corroborare.
1024 3356 1139 3436 Quam
1158 3359 1235 3442 qui-

182 3474 319 3538 cunque
334 3456 370 3519 in
392 3456 509 3539 aliquo
530 3456 661 3521 uiolare
686 3457 968 3541 praesumpserit,
982 3457 1092 3540 ipsius
1109 3461 1236 3524 summi

181 3556 350 3638 praesidis
376 3555 484 3634 Petri,
508 3565 542 3620 et
560 3556 742 3622 Romanae
764 3557 990 3634 hierarchiae,
1012 3559 1235 3642 omniumque

182 3675 359 3720 sacrorum
376 3657 534 3722 ordinum
553 3658 853 3722 animaduersione
870 3659 906 3722 in
925 3657 1093 3722 infernum
1121 3669 1234 3725 aeter-

182 3776 264 3820 num
281 3757 484 3832 damnetur;
510 3756 569 3840 qui
586 3777 670 3823 uero
684 3759 884 3842 prouexerit
900 3765 935 3822 et
952 3758 1184 3824 defensauerit
1196 3761 1234 3825 in

180 3865 275 3922 sorte
298 3858 485 3922 electorum
509 3857 564 3922 dei
590 3865 837 3923 remuneretur.
889 3858 1069 3922 Sancitum
1096 3867 1150 3924 est
1167 3860 1235 3925 hoc

180 3958 399 4042 priuilegium
429 3976 520 4022 anno
547 3959 737 4024 dominicae
763 3959 1014 4023 incarnationis
1040 3967 1233 4041 nongente-

179 4059 267 4123 simo
298 4059 555 4142 septuagesimo
587 4059 747 4135 secundo,
774 4059 911 4142 meique
941 4059 1069 4123 terreni
1098 4059 1235 4145 imperii

180 4178 272 4225 anno
299 4159 558 4239 sextodecim03
598 4161 688 4242 quod
726 4159 780 4224 his
809 4159 1045 4243 probabilibus
1084 4163 1234 4227 testibus
