2858 4890
179 353 224 415 74
433 368 605 416 cureris
628 365 969 414 ANGmSAxochss.

78 508 82 513 ’
184 533 241 588 tus
273 524 526 588 cauillatione·
552 523 745 606 uersipellis
777 523 988 605 suasibilisq·
1023 521 1233 602 tergiuersa-

183 625 469 705 tione‘uiraginis
496 623 664 706 pellectus
685 622 940 687 anathematis
968 622 1084 703 alogia
1113 621 1233 684 ambro

184 743 324 807 pomum
339 724 524 789 momordit
547 725 714 788 uetitum·
735 731 770 788 et
785 723 851 786 sibi
875 742 916 786 ac
940 723 1088 804 posteris
1109 721 1146 783 in
1167 719 1233 784 hoe

185 844 380 888 aerumnoso
409 825 563 889 deiectus
603 824 732 887 saeculo
765 824 895 887 loetum
931 821 1122 904 promeruit
1156 840 1234 902 per·

186 932 340 1011 petuum.
388 923 670 988 Vaticinantibus
693 923 861 1005 siquidem
880 921 1024 1006 profetis
1044 929 1080 986 et
1095 921 1234 984 coelitus

184 1025 325 1107 superni
344 1023 436 1106 regis
456 1024 620 1088 diuturna
644 1023 859 1087 clandestino
883 1023 1045 1105 presagia
1069 1022 1232 1103 dogmate

185 1126 422 1206 promentibus
437 1123 545 1188 nitide
567 1124 771 1188 orthodoxis
789 1123 987 1204 ·eulogium
1009 1142 1055 1186 ex
1077 1122 1235 1204 supernis

185 1225 342 1288 deserens
360 1244 367 1259 ·
387 1244 456 1288 non
478 1231 517 1287 ut
539 1224 729 1288 iudaeorum
757 1223 923 1288 seditiosa
945 1223 1083 1304 elingue
1106 1221 1237 1285 fatetur

186 1325 380 1407 loquacitas
403 1324 463 1388 sed
485 1325 676 1406 priscorum
699 1331 770 1406 atq·
798 1324 1038 1389 modernorum
1063 1322 1235 1404 lepidissi-

186 1444 278 1487 mam
301 1425 454 1488 ambiens
470 1424 667 1488 facundiam
685 1442 693 1458 ·
714 1425 870 1488 arrianas
891 1423 1136 1505 sabelhanasq·
1155 1441 1237 1503 pro·

186 1524 330 1589 terendo
358 1526 478 1589 nenias
510 1525 705 1606 anagogico
735 1524 942 1588 infrustrans
976 1523 1103 1586 famine
1135 1539 1233 1603 nosq·

187 1626 231 1688 ab
261 1624 399 1688 obtunsi
422 1623 577 1688 caecitate
599 1625 823 1687 umbraminis
847 1623 892 1686 ad
912 1642 1139 1704 supernorum
1162 1622 1236 1685 ala·

187 1725 387 1789 crimoniam
405 1725 690 1806 patrimoniorum
714 1724 888 1788 aduocans
911 1723 1055 1804 angelus
1076 1722 1237 1804 supernis

187 1826 326 1906 elapsus
358 1824 533 1888 liminibus
560 1825 596 1887 in
622 1843 740 1888 aurem
769 1823 993 1888 intemeratae
1018 1823 1163 1904 uirginis
1198 1829 1236 1885 ut

186 1924 389 2006 euangelica
399 1924 622 2006 promulgant
637 1923 777 1996 famina.
817 1923 995 2004 Stupenda
1006 1922 1171 1986 cecinisse
1188 1923 1237 1985 ui·

188 2025 289 2090 detur
306 2025 470 2088 carmina.
494 2023 560 2087 Cui
572 2023 709 2088 aeclesia
719 2029 794 2088 tota
807 2023 979 2087 catholica
989 2041 1237 2086 consonanoce

187 2125 411 2190 altibohando
440 2123 643 2206 proclamat.
695 2124 810 2188 Beata
840 2142 877 2188 es
901 2123 1001 2205 uirgo
1026 2123 1138 2185 maria
1169 2142 1238 2204 que

189 2224 365 2289 credidisti
387 2224 608 2307 perficientur
624 2224 660 2287 in
677 2230 712 2287 te
730 2243 809 2307 quae
825 2224 919 2287 dicta
935 2229 1017 2287 sunt
1038 2221 1102 2286 tibi
1119 2241 1142 2285 a
1157 2222 1236 2286 diro.

191 2325 320 2388 Mirum
344 2324 439 2389 dictu
463 2324 663 2388 incarnatur
686 2325 829 2389 uerbum
851 2330 887 2387 et
908 2325 1148 2405 incorporatur
1169 2322 1236 2385 sci·

189 2425 271 2488 licet
287 2424 374 2488 illud
391 2470 398 2487 .
415 2423 458 2488 de
480 2444 550 2506 quo
568 2424 786 2506 euangelista
805 2423 1077 2507 supereminens
1097 2423 1237 2486 uniuer-

190 2544 306 2588 sorum
336 2523 519 2588 altitudine
545 2544 707 2588 sensuum
731 2525 846 2606 inquit
868 2569 875 2585 .
901 2522 945 2586 In
968 2523 1137 2606 principio
1162 2530 1239 2587 erat

190 2625 333 2688 uerbum
358 2631 392 2687 et
416 2625 559 2688 uerbum
588 2631 663 2688 erat
695 2625 788 2707 apud
810 2625 912 2687 deum
933 2631 969 2687 et
989 2622 1030 2687 ds
1061 2631 1136 2688 erat
1160 2643 1239 2688 uer-

191 2727 272 2788 bum
289 2744 296 2759 ·
315 2730 350 2787 et
372 2722 414 2786 rl.
467 2723 547 2802 Qua
563 2725 723 2788 uidelicet
744 2732 883 2806 sumpta
898 2723 940 2787 de
964 2724 1099 2804 uirgine
1123 2725 1237 2787 incar-

191 2826 331 2888 natione
359 2824 516 2904 antiquae·
544 2825 690 2906 uirginis
713 2824 846 2888 lacinus
869 2823 1017 2887 demitur
1042 2831 1078 2887 et
1103 2826 1237 2888 cunctis

191 2925 390 2988 mulieribus
415 2924 533 2987 nitidis
563 2924 754 3006 praecluens
780 2925 993 2988 taumatibus
1021 2924 1126 2987 decus
1151 2925 1236 2988 irro-

191 3035 305 3108 gatur.
352 3023 492 3087 Intacta
508 3025 615 3106 igitur
630 3024 805 3089 redolente
821 3022 882 3112 xpi
897 3025 1080 3088 diuinitate
1095 3043 1235 3108 passaq·

192 3126 301 3208 ipsius
323 3123 537 3187 humanitate
557 3125 699 3189 libertas
716 3124 863 3188 addictis
885 3124 1070 3188 clementer
1091 3126 1239 3206 contigit

191 3224 351 3289 seruulis,
404 3223 499 3289 Hinc
524 3245 589 3306 ego
616 3226 756 3306 Eadgar
784 3224 971 3288 altithrono
995 3223 1238 3290 iminiculante

193 3324 386 3406 Anglorum
419 3326 609 3406 ceterariiq·
643 3326 797 3407 gentium
828 3325 864 3389 in
894 3325 1039 3389 circuitu
1071 3324 1239 3389 triniatim

191 3425 447 3508 persistentium
476 3423 649 3487 basileus·
668 3434 708 3488 ut
732 3426 834 3488 huius
863 3425 1033 3489 libertatis
1059 3425 1239 3490 altithroni

191 3523 418 3589 moderatoris
448 3522 629 3587 clementia
659 3545 792 3589 merear
823 3527 979 3608 optinere
1002 3527 1236 3590 consortium·

192 3624 358 3690 coenobio
382 3624 458 3687 loco
483 3623 608 3688 celebri
628 3626 687 3708 qui
713 3628 756 3690 ab
780 3626 881 3690 huius
903 3627 1063 3724 prosapie
1085 3625 1239 3691 solicolis

193 3726 367 3790 Persoran
392 3723 499 3786 nobili
517 3736 736 3808 nuncupatur
760 3727 929 3792 uocabulo
954 3727 1070 3790 situm·
1088 3727 1238 3808 genetri-

192 3827 259 3909 ciq·
277 3824 334 3888 diri
350 3823 401 3888 nii
422 3844 556 3906 semper
575 3827 702 3909 uirgini
717 3829 855 3892 mariae·
872 3846 1005 3891 necnon
1021 3829 1123 3891 beato
1140 3834 1239 3910 petro

193 3925 429 4008 apostoloram
454 3926 621 4007 principi·
640 3928 748 4010 eiusq·
775 3928 976 4009 coapostolo
1006 3926 1111 4009 paulo
1144 3928 1240 3991 dedi-

193 4035 309 4092 catum
337 4025 482 4089 habetur
503 4027 680 4090 monachis
707 4028 911 4109 regulariter
935 4027 1139 4109 degentibus
1166 4048 1239 4093 mo·

193 4127 318 4194 nastici
335 4132 509 4191 aeternam
525 4126 698 4208 priuilegii
711 4129 861 4193 concedo
879 4129 1073 4193 libertatem
1092 4147 1100 4164 ·
1116 4137 1238 4211 quate·
