2858 4890
181 353 225 417 68
425 366 597 415 chanun
624 366 967 414 ANGLOSAXONIGAE.

182 526 367 610 puniendo,
389 535 424 591 et
441 528 478 590 in
498 525 708 608 quibuslibet
729 526 867 588 omnino
891 524 1051 606 negotiis,
1075 526 1183 587 abbas
1199 533 1235 588 ct

181 629 341 692 monachi
357 628 504 710 praefati
522 626 722 689 monasterii
734 626 769 687 in
788 644 853 688 sua
872 626 969 687 curia
983 625 1142 689 habeant.
1197 625 1234 688 Si

182 736 299 792 autem
329 729 435 791 abbas
460 727 515 789 uel
537 726 680 809 quilibet
700 725 888 789 monachus
913 725 981 788 loci
1009 725 1102 787 illins
1124 725 1233 789 latro-

183 849 260 891 ncm
278 829 338 910 qui
361 828 405 891 ad
428 827 651 909 suspendium
674 826 731 888 uel
746 826 789 888 ad
807 824 984 906 quodlibet
999 826 1119 888 mortis
1143 826 1233 907 peri-

183 929 298 993 culum
313 921 455 991 ducitur
476 927 512 991 in
531 926 653 990 itinere
676 926 814 988 obuiam
837 916 1004 999 habuerit,
1024 933 1233 1006 potestatem

182 1028 335 1091 habeant
356 1026 523 1109 eripiendi
547 1046 626 1089 eum
646 1026 689 1088 ab
715 1025 906 1088 imminenti
927 1025 1079 1106 periculo
1102 1026 1138 1087 in
1159 1032 1233 1089 toto

183 1148 290 1210 regno
313 1147 400 1191 meo.
454 1126 628 1191 Confirmo
657 1126 762 1188 ctiam
785 1133 819 1187 et
839 1125 1035 1202 corroboro,
1061 1132 1112 1201 ut,
1140 1126 1234 1208 quod

184 1227 351 1291 hactenus
367 1229 411 1290 ab
429 1227 588 1290 omnibus
607 1225 735 1289 nostris
759 1226 1034 1288 antecessoribus
1050 1225 1235 1305 diligenter

184 1328 403 1392 obseruatum
434 1335 498 1400 est,
528 1326 758 1390 Fontanensis
783 1325 965 1407 episcopus
989 1325 1045 1388 uel
1069 1326 1143 1388 eius
1171 1327 1234 1389 mi-

185 1429 285 1491 nistri
311 1447 415 1510 super
437 1427 501 1491 hoc
527 1426 783 1499 monasterium,
812 1423 869 1487 uel
893 1444 996 1506 super
1021 1425 1235 1506 parochiales

185 1527 337 1591 eiusdem
360 1527 555 1602 aecclesias,
573 1524 732 1588 uidelicet
749 1524 873 1599 Strete‚
893 1525 1095 1597 Merlinohe‚
1118 1527 1234 1589 Bude-

185 1627 291 1702 calea‚
316 1627 504 1708 Sceapwic,
523 1626 616 1689 Sowi
637 1633 697 1687 aut
718 1644 822 1706 super
843 1643 960 1687 earum
982 1625 1143 1707 capellas
1171 1647 1234 1689 nec

185 1728 289 1790 etiam
312 1745 417 1808 super
438 1745 498 1791 eas
520 1744 610 1808 quae
634 1725 670 1787 in
690 1725 813 1788 insulis
836 1726 1065 1800 continentur,
1091 1727 1232 1802 scilicet,

187 1827 375 1903 Beocherie
387 1845 476 1907 quae
484 1844 594 1908 parua
607 1824 776 1888 Hibernia
785 1824 922 1902 dicitur,
935 1824 1124 1902 Godeneia,
1138 1826 1235 1889 Mar-

185 1926 341 2004 tmeseia,
351 1926 599 2008 Farlingmere,
610 1921 867 2005 Paliencberga,
877 1932 912 1988 ct
923 1923 1147 2000 Adredeseia,
1157 1927 1234 1989 nul-

185 2027 255 2090 lam
275 2034 482 2109 potestatem
500 2026 639 2089 omnino
656 2026 825 2102 habeant;
849 2025 915 2087 nisi
932 2032 1066 2088 tantum
1091 2047 1168 2089 curn
1191 2029 1234 2090 ab

186 2128 311 2191 abbate
329 2146 434 2190 causa
451 2125 631 2189 dedicandi
646 2127 702 2188 uel
718 2124 899 2188 ordinandi
913 2125 1074 2189 aduocati
1090 2127 1233 2205 fuerint3

186 2246 250 2291 nec
276 2247 394 2291 eorum
420 2228 639 2308 presbyteros
662 2225 705 2288 ad
731 2224 901 2306 synodum
929 2244 1039 2302 suam,
1061 2227 1118 2288 uel
1140 2228 1235 2310 capi-

187 2327 310 2401 tulum,
331 2328 387 2389 uel
410 2327 454 2389 ad
478 2326 655 2409 quodlibet
680 2325 845 2408 placitum
869 2334 1072 2403 conuocent,
1094 2347 1157 2390 nec
1191 2329 1234 2391 ab

188 2425 299 2489 officio
319 2425 437 2489 diuino
452 2425 677 2507 suspendant,
700 2432 736 2488 ct
751 2426 891 2489 omnino
906 2425 1039 2488 nullum
1055 2427 1108 2489 ius
1125 2428 1235 2491 ineos

186 2544 348 2588 exercere
364 2533 597 2607 praesumant.
625 2524 818 2588 Monachos
832 2545 912 2589 suos
929 2534 964 2589 et
981 2526 1234 2607 praedictarum

187 2625 430 2688 aecclesiarum
456 2626 597 2688 clericos
625 2625 813 2688 secundum
842 2626 1019 2706 antiquam
1048 2627 1236 2691 aecclesiae

188 2724 391 2788 Glastoniae
427 2725 709 2789 consuetudinem
747 2733 783 2789 et
821 2727 1047 2807 apostolicam
1084 2729 1234 2791 auctori-

187 2831 307 2902 tatem,
336 2825 601 2907 archipraesulis
625 2825 800 2888 Dunstani
822 2833 857 2889 et
877 2827 1030 2889 omnium
1055 2828 1236 2910 episcopo-

188 2945 263 2989 rum
288 2927 385 3007 regni
403 2927 470 2988 mei
490 2945 647 3001 assensu,
669 2927 789 3002 abbas,
809 2945 831 2987 a
850 2945 1055 3007 quocunque
1077 2947 1235 3009 compro-

188 3026 328 3089 uinciali
360 3027 522 3107 episcopo
549 3026 709 3101 uoluerit,
739 3024 889 3088 ordinari
914 3026 1030 3089 faciat.
1085 3027 1235 3091 Dedica-

188 3126 299 3189 tiones
315 3144 398 3188 uero
421 3125 676 3202 aecclesiarum,
699 3125 728 3188 si
748 3127 791 3188 ab
810 3127 935 3188 abbate
956 3132 1100 3206 rogatus
1119 3126 1235 3205 fuerit,

190 3224 402 3288 Fontanensi
417 3227 580 3306 episcopo
596 3226 835 3306 permittimus.
888 3224 931 3288 In
952 3226 1080 3306 pascha
1097 3247 1236 3311 quoquc

189 3324 315 3387 crisma
345 3325 627 3387 sanctificationis
659 3334 694 3388 et
721 3326 833 3388 oleum
869 3345 890 3387 a
918 3325 1132 3389 Fontanensi
1161 3330 1235 3411 epi-

189 3442 295 3506 scopo
325 3443 370 3486 ex
396 3443 491 3487 mone
514 3425 673 3505 accipiat,
701 3432 736 3487 et
760 3445 823 3507 per
845 3426 1019 3505 praefatas
1049 3428 1235 3492 aecclesias

189 3542 271 3586 suas
297 3523 492 3587 distribuat.
546 3523 626 3587 Hoc
650 3525 752 3587 etiam
773 3527 1023 3607 superomnia,
1048 3526 1103 3590 dei
1127 3527 1229 3591 inter·

189 3622 338 3686 dictione
369 3629 547 3686 et‘nostra
576 3625 793 3701 auctoritate,
827 3625 926 3688 salua
953 3633 1069 3688 tamen
1093 3636 1235 3692 sanctae

191 3722 370 3787 Romanae
391 3723 578 3786 aecclesiae
603 3731 638 3786 et
660 3725 932 3788 Dorobernensis
955 3726 1135 3806 dignitate,
1156 3748 1236 3810 pro·

190 3821 301 3898 hibeo,
326 3841 368 3885 ne
392 3841 540 3904 persona
567 3824 814 3905 cuiuscumque
842 3827 1036 3906 potestatis,
1061 3828 1135 3889 siue
1160 3848 1234 3904 rex,

189 3922 263 3985 siue
293 3923 487 4004 episcopus,
516 3923 589 3985 siue
614 3923 685 3985 dux
717 3931 778 3987 aut
803 3927 975 4007 princepS,
1008 3925 1064 3988 uel
1090 3929 1236 4008 quilibet

189 4022 422 4084 ministrorum
454 4041 584 4098 eorum,
603 4022 808 4087 Glastoniae
837 4025 1001 4087 terminos
1032 4025 1088 4088 uel
1111 4047 1234 4110 supra-

189 4121 358 4198 dictarum
388 4122 627 4203 parochiarum
652 4124 902 4205 perscrutandi,
929 4125 1095 4206 rapiendi,
1126 4128 1234 4209 placi-
