2858 4890
181 365 246 429 278
441 377 612 427 onsurae
634 376 978 425 Anonosnxomonn.

186 535 273 599 tifex
309 536 410 616 agiae
445 534 556 597 crucis
587 532 760 597 testudine
795 530 968 613 intepidus
1003 530 1068 593 hoo
1110 530 1239 592 donum

185 635 393 716 lepidissime
422 634 593 698 roboraui.
681 634 720 715 »14
742 632 819 712 Ego
848 630 1034 695 Ordbricht
1062 630 1151 710 legis
1183 628 1239 690 dei

187 742 392 816 catascopus
416 733 481 797 hoc
514 733 689 813 eulogium
711 732 852 813 propria
873 730 970 794 chira
992 731 1139 794 deuotus
1161 748 1241 791 con·

187 834 343 898 solidani.
384 836 423 915 »14
445 835 521 914 Ego
536 831 683 896 AElfrich
699 831 881 913 episcopus
898 831 1074 894 Wiltanae
1086 829 1241 892 ciuitatis

188 933 346 997 consensi
375 940 409 997 et
431 933 630 1013 subscripsi.
709 933 747 1011 »14
765 931 841 1011 Ego
863 929 1024 1013 Wulfsye
1057 928 1241 1010 episcopus

189 1033 479 1116 Shyreburnensis
501 1030 687 1096 aecclesiae
705 1030 863 1095 consensi
885 1037 921 1093 et
939 1029 1139 1110 subscripsi.
1198 1028 1237 1109 »14

190 1134 266 1214 Ego
289 1132 483 1196 AEbelwerd
515 1133 597 1195 dux.
654 1132 692 1211 »14
711 1131 787 1212 Ego
816 1129 940 1194 AElfric
962 1130 1045 1192 dux.
1102 1129 1141 1210 »14
1165 1127 1243 1207 Ego

191 1232 327 1296 Leosric
345 1234 426 1296 dux.
493 1233 532 1312 »14
554 1232 629 1311 Ego
646 1230 832 1313 Leofwyne
849 1230 931 1293 dux.
988 1232 1027 1311 »14
1047 1229 1124 1309 Ego
1143 1226 1246 1290 Leof-

190 1333 240 1396 ric
271 1332 391 1397 abbas.
462 1333 501 1411 »14
523 1332 599 1412 Ego
626 1330 758 1393 AElt'red
783 1330 903 1395 abbas.
960 1331 1000 1412 »14
1021 1329 1096 1410 Ego
1121 1326 1246 1391 AElfric

189 1432 307 1495 abbas.
364 1435 402 1514 »14
426 1431 503 1513 Ego
519 1429 708 1495 Brichtelm
731 1430 850 1493 abbas.
907 1432 947 1513 »14
966 1430 1043 1510 Ego
1067 1426 1244 1491 AEbelmar

190 1532 358 1595 minister.
429 1533 469 1614 »14
487 1531 563 1612 Ego
579 1530 708 1593 Ordulf
724 1529 892 1593 minister.
942 1531 981 1610 »14
1002 1529 1077 1610 Ego
1094 1526 1243 1591 Beorht·

189 1630 281 1695 wold
298 1632 464 1695 minister.
526 1633 564 1712 »14
587 1630 664 1710 Ego
682 1628 858 1693 AEbelmar
874 1629 1042 1692 minister.
1108 1629 1148 1710 »14
1169 1627 1245 1707 Ego

191 1731 314 1795 AElfric
330 1732 496 1796 minister.
553 1733 592 1812 »14
612 1730 689 1811 Ego
707 1727 869 1793 AElfwine
885 1729 1052 1792 minister.
1109 1729 1147 1808 »14
1169 1726 1246 1807 Ego

190 1831 377 1914 Leofwyne
393 1831 560 1895 minister.
617 1832 657 1913 »14
678 1830 754 1910 Ego
773 1827 880 1892 Osulf
896 1828 1063 1891 minister.

560 2148 879 2215 DCLXXXVII.

543 2282 803 2361 AEDELRED,
820 2283 896 2347 994.

249 2434 288 2512 »14
307 2431 593 2496 Cuncrrrounns
618 2432 764 2514 largitor
794 2432 976 2515 multiplici
1009 2452 1050 2496 ac
1082 2434 1248 2499 ineffabili

194 2531 295 2594 modo
320 2532 498 2595 terrestria
526 2540 652 2595 cuncta
678 2552 739 2615 per
754 2533 847 2595 uices
871 2535 1080 2597 mutationes
1102 2535 1248 2618 locaque

195 2630 423 2711 distinguens,
445 2631 698 2714 quodammodo
729 2632 794 2695 sibi
819 2633 1048 2697 seruientibus
1081 2636 1247 2717 perpluri-

194 2731 258 2794 mis
288 2732 323 2793 in
354 2730 419 2794 hoo
452 2751 591 2814 quoque
623 2733 778 2795 terrestri
803 2731 1014 2810 habitaculo,
1043 2742 1147 2815 prout
1183 2735 1249 2798 sibi

195 2830 397 2912 complacet,
430 2850 694 2912 recompensans
716 2832 842 2894 suimet
874 2833 1012 2896 famulis
1039 2852 1080 2897 ac
1104 2832 1249 2898 famula·

193 2932 270 3005 bus,
288 2932 392 2994 etiam
415 2938 615 3012 praesentes
637 2929 825 3012 dignitates
849 2931 960 3009 offert,
978 2953 1047 3015 quo
1065 2953 1102 2996 se
1120 2936 1249 2997 certius

193 3030 222 3092 si
257 3030 320 3094 has
355 3032 421 3093 rite
458 3030 686 3103 seruauerint,
722 3038 863 3094 aeterna
897 3034 1051 3113 praemia
1088 3034 1251 3097 nouerint

193 3130 403 3211 adepturos!
445 3128 667 3211 Quapropter
681 3149 747 3210 ego
763 3129 937 3207 AEbelred,
955 3130 1095 3195 Christo
1110 3132 1251 3197 domino

194 3236 381 3306 annuente,
408 3229 541 3293 cunctis
558 3227 753 3309 Anglorum
770 3231 907 3312 populis
923 3238 959 3295 et
976 3232 1134 3295 tribubus
1147 3253 1249 3315 prae·

194 3328 372 3391 ordinatus
390 3329 425 3391 in
447 3349 575 3410 regem,
598 3347 675 3391 cum
709 3348 880 3393 consensu
897 3330 1097 3412 pontificum
1113 3339 1149 3395 et
1167 3353 1250 3397 con·

193 3427 288 3490 sultu
305 3435 507 3491 cunctorum
529 3427 692 3510 aquibus
712 3437 849 3510 sceptra
865 3420 1000 3513 imperii
1023 3440 1057 3495 et
1080 3433 1252 3512 guberna·

195 3527 273 3590 cula
294 3529 393 3608 regni
420 3537 598 3608 reguntur,
615 3527 787 3609 quandam
816 3529 904 3591 ruris
928 3529 1135 3610 particulam
1160 3551 1251 3614 quae

196 3642 248 3691 .X.
266 3634 480 3690 cassatorum
505 3646 648 3691 numero
673 3635 894 3708 supputatur,
922 3630 1019 3692 cuius
1041 3631 1251 3695 uocabulum

195 3735 248 3790 est
284 3734 331 3788 aet
365 3726 611 3790 Fobbafuntan
641 3726 765 3790 tradidi
796 3727 861 3790 deo
890 3735 925 3791 et
957 3728 1096 3792 domino
1129 3739 1252 3796 nostro

196 3825 301 3889 Ihesu
329 3825 481 3900 Christo,
510 3826 765 3907 aecclesiaeque
791 3834 934 3891 sanctae
957 3828 1092 3892 Mariae
1115 3849 1252 3913 semper

194 3925 351 4006 uirginis,
367 3944 456 4007 quae
478 3924 546 3989 sita
568 3932 621 3988 est
645 3926 681 3988 in
704 3926 782 3989 uico
805 3926 901 4007 regio
926 3935 973 3991 eet
990 3927 1159 4006 Wiltune,
1176 3931 1251 3995 iure

192 4032 383 4107 perpetu03
411 4031 537 4107 optans
563 4031 602 4088 ut
626 4031 661 4088 et
685 4025 811 4090 ibidem
834 4026 1040 4090 coenobialis
1064 4030 1158 4093 uitae
1181 4031 1251 4095 sor·

192 4125 297 4213 mula,
313 4132 346 4189 et
364 4125 532 4206 regularis
549 4124 750 4206 disciplinae
776 4126 946 4202 normula,
964 4126 1104 4192 Christo
1130 4137 1250 4210 patro·
