2858 4890
475 369 648 417 curaris
670 368 1014 418 ANGLOSAXONIOAE.
1215 356 1260 425 17

202 523 379 608 demptum
396 528 600 610 prouehisti‚
618 527 802 592 miseratus
818 526 1021 605 concedens,
1039 534 1079 592 ut
1092 527 1255 596 recidiuis

201 633 378 693 aeternam
395 627 524 693 lucrari
539 629 733 693 ualeremus
747 627 1007 693 beatitudinem.
1052 627 1156 693 Nunc
1169 650 1253 695 uero

200 727 360 792 omnihus
378 728 573 794 hominibus
595 731 751 806 interest,
771 736 811 792 ut
832 727 929 792 honis
950 730 1107 793 omnibus
1130 750 1251 813 quam-

200 825 261 889 diu
275 826 331 891 hic
344 829 381 892 in
397 829 536 895 mortali
551 830 626 894 uita
641 830 845 913 persistunt,
861 836 1037 894 aeternam
1059 850 1252 897 mereamur

200 925 327 992 habere
343 929 548 1012 portionem,
565 931 656 994 sicut
671 931 802 994 ueritas
818 929 915 1007 dicit,
933 929 1048 993 ‘Date
1065 937 1099 994 et
1111 930 1251 996 dabitur

199 1028 324 1092 uobis!
368 1030 598 1114 Quapropter„
605 1052 671 1114 ego
685 1030 826 1112 Eadgar
842 1029 949 1093 totius
968 1030 1170 1096 Britanniae
1187 1033 1249 1096 ba-

198 1126 304 1192 sileus
332 1132 504 1213 quandam
530 1131 663 1196 telluris
690 1130 908 1214 particulam,
936 1128 1061 1210 uiginti
1088 1130 1250 1197 uidelicet

197 1237 365 1307 cassatos,
381 1232 458 1297 loco
473 1233 532 1315 qui
554 1232 680 1296 celebri
700 1240 746 1295 aet
764 1231 924 1294 Mertone
943 1240 1163 1313 nuncupatur
1184 1253 1247 1298 uo-

196 1330 332 1408 cabulo,
358 1333 494 1396 cuidam
521 1334 639 1398 comiti
660 1331 764 1396 michi
790 1330 892 1394 ualde
915 1330 1019 1408 fideli,
1037 1332 1097 1414 qui
1115 1333 1159 1396 ab
1179 1333 1244 1398 hu-

195 1428 290 1493 iusce
315 1433 450 1514 patriae
479 1433 622 1498 noscitis
652 1433 759 1497 nobili
787 1439 822 1496 et
846 1431 1029 1513 coniugem
1054 1451 1153 1497 suam
1181 1432 1245 1499 Al-

196 1529 309 1611 phean
334 1539 370 1596 et
395 1533 550 1611 Elswite‚
578 1534 675 1599 etin
705 1532 774 1597 alio
804 1532 882 1596 loco
911 1549 956 1598 .V.
988 1542 1157 1611 cassatos,
1184 1537 1245 1619 qui

194 1639 416 1715 nuncupatur
440 1633 598 1708 Dilwihs,
626 1641 662 1698 et
687 1640 820 1716 partem
853 1631 1005 1715 aliquam
1034 1634 1245 1718 salsuginem

193 1737 321 1795 terram
362 1734 464 1798 iuxta
504 1733 630 1798 flumen
672 1734 766 1818 quod
805 1741 952 1797 uocatur
991 1733 1147 1812 Temese,
1178 1755 1241 1817 pro

194 1833 359 1916 obsequio
396 1835 471 1899 eius
508 1835 744 1912 deuotissimo,
777 1842 946 1917 perpetua
985 1833 1131 1914 largitus
1165 1854 1242 1900 sum

193 1931 424 2008 haereditate;
451 1943 492 2000 ut
514 1936 588 2019 ipsc
610 1935 686 1999 uita
711 1935 835 2000 comite
858 1954 935 1997 cum
961 1931 1119 1998 omnibus
1141 1942 1242 2000 uten-

191 2033 313 2098 silibus
331 2043 443 2100 terrae
459 2036 565 2114 illius,
586 2037 709 2119 pratis,
732 2035 843 2112 siluis,
866 2032 1027 2117 paschuis
1050 2036 1124 2100 uoti
1146 2056 1240 2102 com·

192 2152 256 2215 pos
269 2136 407 2215 habeat,
431 2144 467 2201 et
488 2145 569 2220 post
590 2138 684 2201 uitae
706 2155 791 2201 suae
812 2135 995 2200 terminum
1018 2136 1240 2216 quibuscum·

190 2254 258 2317 que
288 2237 440 2301 uoluerit
467 2238 670 2302 cleronomis
702 2237 887 2300 immunem
909 2235 1136 2318 derelinquat.
1186 2238 1240 2303 Sit

191 2343 307 2399 autem
330 2339 545 2420 praedictum
567 2358 626 2402 rus
651 2338 745 2402 omni
776 2345 931 2401 terrenae
956 2336 1135 2401 seruitutis
1157 2337 1241 2420 iugo

190 2434 348 2515 liberum,
376 2440 486 2503 tribus
518 2440 687 2522 exceptis,
714 2445 791 2503 rata
822 2437 984 2501 uidelicet
1007 2437 1240 2519 expeditione,

190 2539 306 2618 pontis
322 2541 458 2603 arcisue
474 2541 739 2604 restauratione.
780 2538 817 2602 Si
832 2537 910 2621 quis
927 2537 1035 2620 igitur
1051 2537 1140 2602 hanc
1157 2559 1238 2604 nos-

189 2644 278 2701 tram
304 2639 524 2705 donationem
547 2641 581 2705 in
608 2639 701 2704 aliud
727 2658 832 2722 quam
855 2638 1096 2702 constituimus
1124 2646 1238 2704 trans-

189 2737 278 2802 ferre
299 2740 461 2819 uoluerit,
484 2742 642 2823 priuatus
666 2739 841 2805 consortio
865 2745 1008 2803 sanctae
1029 2738 1085 2803 dei
1106 2741 1238 2805 aeccle·

188 2837 273 2917 siae,
297 2843 447 2906 aeternis
468 2841 625 2906 barathri
644 2841 811 2905 incendiis
831 2839 988 2920 lugubris
1009 2838 1138 2921 iugiter
1158 2860 1236 2905 cum

115 3010 117 3015 .
189 2937 281 3004 Iuda
298 2940 427 3007 Christi
450 2942 627 3023 proditore
647 2942 790 3023 eiusque
812 2938 1036 3022 complicibus
1059 2940 1236 3022 puniatur,

187 3040 218 3104 si
234 3061 304 3106 non
320 3042 559 3108 satisfactione
572 3042 808 3106 emendauerit
824 3058 991 3121 congrua,
1008 3039 1101 3122 quod
1115 3049 1239 3106 contra

188 3148 344 3207 nostrum
375 3144 521 3226 deliquit
553 3144 740 3207 decretum.
804 3140 886 3204 Hiis
913 3139 1015 3203 metis
1041 3140 1236 3222 praefatum

187 3262 246 3305 rus
262 3243 436 3308 hincinde
454 3244 598 3326 giratur.
635 3242 701 3309 Dis
719 3245 776 3307 bet
791 3240 832 3305 be
848 3240 1036 3304 landmere.
1069 3241 1172 3307 Erest
1189 3263 1234 3307 on

187 3344 343 3409 Stonban
367 3344 434 3408 and
457 3363 502 3408 on
526 3344 636 3409 Estan
655 3342 836 3424 Merkepol
854 3362 899 3406 on
918 3340 1143 3406 Hidebourne
1165 3344 1233 3408 and

185 3447 295 3511 banen
307 3453 454 3510 weston
474 3444 577 3511 Slade
593 3445 709 3510 edichs
725 3442 937 3520 southward,
952 3440 1063 3506 banen
1080 3463 1124 3507 on
1140 3444 1233 3508 Ben-

186 3547 358 3623 anberwe,
384 3544 495 3610 barren
523 3566 568 3611 on
593 3545 765 3628 Tydmere
788 3539 948 3624 endlang’
971 3541 1069 3607 ridde
1091 3543 1174 3608 norb
1197 3546 1234 3610 bi

186 3652 273 3712 west
294 3647 484 3730 Hoppingc
509 3667 594 3712 ouer
617 3644 704 3711 bane
729 3645 842 3709 mersh
866 3646 911 3708 on
928 3642 969 3706 be
996 3643 1065 3726 rigt
1087 3664 1132 3708 on
1157 3646 1231 3709 Ru-

185 3766 324 3812 anmere
353 3748 422 3811 and
445 3746 556 3811 banne
582 3755 635 3811 est
663 3746 698 3810 bi
718 3743 1163 3827 Wimhedounyugemerke
1187 3766 1232 3810 on

182 3855 246 3914 ber
259 3848 328 3931 hop
341 3849 376 3913 bi
390 3845 473 3913 norb
485 3846 722 3913 Bradenforde
736 3866 781 3910 on
796 3846 1021 3910 Hidebourne
1037 3845 1105 3909 and
1120 3843 1232 3910 banne

182 3949 267 4016 soub
285 3949 457 4032 endelang
472 3949 617 4014 bournin
629 3948 663 4011 bi
680 3943 1106 4030 Michamingemerkebar
1120 3955 1230 4010 eston

182 4049 377 4133 Merkepol.
396 4048 500 4115 Anno
512 4049 705 4113 dominicae
716 4047 964 4114 incarnationis
977 4063 1233 4112 mccccuxvn.

230 4170 316 4217 ΊῸΜ.
330 4169 382 4216 lll·
1060 4164 1081 4210 C
