2858 4890
439 369 611 418 curaris
632 369 970 419 nueuosnxonrcln.
1170 356 1234 420 137
1319 390 1323 397 ·

183 524 300 587 omnia
322 525 414 588 enim
435 525 663 590 saecularium
686 545 800 590 rerum
817 526 945 590 iudicia
965 526 1009 590 ad
1028 546 1112 591 usus
1131 549 1231 612 prae·

183 624 298 686 sulum
324 644 486 689 exercere
509 626 628 689 eodem
650 626 753 690 modo
776 625 931 707 diligenti
952 627 1038 689 iussi
1061 631 1233 708 examine,

183 743 254 804 quo
269 724 438 806 regalium
454 726 670 806 negotiorum
693 725 926 789 discutiuntur
939 727 1076 790 iudicia.
1128 727 1235 794 Prae·

183 821 297 886 dictae
333 824 442 906 igitur
472 824 578 889 uillae
607 825 866 889 mercimonium
897 845 1090 908 censusque
1123 831 1234 892 omnis

184 923 298 986 ciuilis
320 932 462 988 sanctae
484 925 540 988 dei
562 925 749 989 aecclesiae
766 924 961 989 Wentanae
981 928 1146 1004 ciuitatis,
1161 930 1235 993 sine

183 1023 404 1087 retractionis
429 1024 609 1088 obstaculo
636 1044 714 1087 cum
739 1025 898 1089 omnibus
919 1027 1106 1091 commodis
1124 1036 1234 1092 aeter·

185 1121 313 1185 naliter
329 1122 513 1187 deseruiat.
565 1123 665 1188 Haec
682 1131 799 1187 autem
815 1125 956 1188 libertas
980 1134 1236 1192 antecessorum

185 1241 340 1285 meorum
363 1223 575 1306 temporibus
592 1224 753 1305 AElseago
776 1225 936 1302 antistiti,
955 1226 1101 1308 aliisque
1117 1227 1234 1292 eodem

185 1341 265 1384 rure
290 1321 484 1386 fruentibus
504 1342 669 1387 concessa
691 1323 815 1399 fuerat,
832 1344 936 1406 quam
951 1344 1017 1407 ego
1038 1328 1237 1392 renouando

186 1419 376 1485 humillime
393 1425 597 1486 restauraui.
642 1422 714 1501 Qui
731 1431 846 1486 autem
864 1423 952 1488 hauc
969 1424 1138 1489 libertatis
1154 1427 1237 1509 dap

186 1519 352 1584 silitatem
374 1541 501 1604 augere
524 1523 685 1600 uoluerit,
703 1531 830 1604 augeat
847 1524 1005 1588 dominus
1028 1526 1102 1588 eius
1128 1528 1237 1590 uitam

188 1626 223 1682 et
249 1623 515 1703 prosperitatem
543 1622 598 1685 hic
630 1628 666 1686 et
698 1623 733 1685 in
767 1642 914 1702 aeuum3
955 1624 985 1687 si
1015 1626 1093 1706 quis
1121 1634 1236 1689 autem

186 1729 496 1803 praesumptuosus
531 1721 670 1785 diaholo
702 1722 891 1804 instigante
923 1722 1011 1787 hanc
1043 1724 1238 1789 libertatem

187 1817 386 1901 infringere,
404 1822 613 1898 minuerene,
631 1822 688 1885 uel
705 1822 741 1884 in
764 1823 858 1886 aliud
875 1842 980 1904 quam
997 1825 1238 1889 constituimus

189 1918 376 1984 transferre
406 1921 567 1998 uoluerit,
585 1920 769 1985 anathema
795 1924 853 1998 sit,
869 1932 903 1986 et
925 1923 960 1985 in
979 1922 1108 1987 Christi
1133 1926 1238 1988 male·

189 2017 340 2083 dictione
367 2039 571 2103 permanens
605 2029 745 2085 aeterno
778 2021 938 2090 barathri.
961 2022 1130 2100 incendio,
1161 2045 1239 2087 cum

191 2117 281 2181 Iuda
306 2118 437 2183 Christi
467 2121 643 2202 proditore
669 2121 812 2203 eiusque
834 2121 1056 2203 complicibus
1088 2124 1239 2187 miserri-

191 2236 267 2282 mus
292 2219 470 2300 puniatur,
493 2221 523 2282 si
551 2240 721 2284 noricum
745 2221 982 2284 satisfactione
1000 2229 1081 2285 aute
1107 2224 1239 2287 obitum

192 2319 426 2382 emendauerit
452 2320 543 2401 quod
567 2333 689 2384 contra
714 2328 869 2384 nostrum
893 2320 1037 2403 deliquit
1054 2322 1238 2386 decretum.

193 2418 299 2482 Dedit
316 2426 432 2482 autem
443 2417 678 2483 AEbelwoldus
692 2418 944 2483 Wintoniensis
966 2422 1154 2485 aecclesiae
1171 2424 1242 2506 epi-

192 2537 317 2601 scopus
335 2538 398 2601 pro
415 2518 516 2583 huius
533 2519 704 2583 libertatis
719 2521 978 2602 recuperatione
994 2523 1067 2602 regi
1081 2522 1242 2603 Eadgaro

192 2619 358 2682 ducentas
384 2619 459 2682 auri
485 2638 681 2695 mancusas,
711 2620 853 2701 eiusque
879 2621 1017 2702 coniugi
1039 2621 1242 2704 AEltbrybae

194 2719 458 2802 quinquaginta,
490 2727 525 2783 et
557 2718 730 2802 quoddam
762 2738 824 2783 uas
858 2727 1059 2801 argenteum
1089 2721 1243 2804 quinque

193 2819 298 2883 libras
321 2818 532 2901 appendens.
585 2817 715 2881 Priscis
733 2819 854 2900 utique
871 2821 1081 2901 temporibus
1099 2840 1161 2903 pro
1178 2821 1243 2885 hac

195 2920 311 2983 eadem
335 2918 496 2982 libertate
515 2918 618 2981 datae
640 2925 722 2981 sunt
744 2918 938 2981 Eadwardo
962 2920 1035 3000 regi
1058 2921 1243 3001 sexaginta

195 3027 307 3083 terrae
334 3037 475 3082 mansae
504 3029 655 3100 quatuor
684 3018 719 3080 in
745 3017 831 3081 locis
856 3018 1046 3100 diremptae
1072 3036 1122 3083 .Χ.
1146 3020 1242 3084 uide-

194 3119 274 3183 licet
301 3126 348 3181 aet
378 3117 649 3182 Crawancumhe
674 3125 709 3180 et
733 3134 783 3181 .x.
809 3125 855 3180 eet
878 3117 1073 3182 Cumhtune
1097 3136 1176 3182 .xx.
1196 3128 1243 3184 aet

195 3218 473 3283 Scealdeburnan
497 3225 592 3282 stoce
617 3224 652 3280 et
680 3234 759 3280 .xx.
788 3226 834 3280 aet
857 3217 1096 3300 Bananwylle.
1163 3219 1244 3283 Hoc

195 3319 283 3382 idem
306 3336 366 3380 rus
384 3317 556 3381 Eadward
579 3316 755 3399 praefatus
777 3337 839 3379 rex
861 3317 956 3380 dedit
978 3317 1114 3380 famulis
1134 3317 1244 3382 famu-

194 3418 362 3499 labusque
397 3417 526 3481 domini
571 3437 616 3480 on
653 3416 784 3480 Ceodre
815 3416 1017 3498 degentibus
1054 3437 1117 3499 pro
1152 3438 1244 3482 com-

196 3517 385 3581 mutatione
418 3516 511 3578 illius
538 3516 684 3591 telluris
709 3535 799 3596 quae
831 3515 1009 3580 Carintum
1039 3519 1243 3581 nominatur.
1312 3588 1315 3593 ,

196 3618 289 3681 Acta
306 3624 359 3679 est
376 3623 492 3679 autem
510 3614 612 3678 huius
628 3615 797 3679 libertatis
814 3623 897 3679 nota
913 3618 1092 3682 renouatio
1114 3618 1245 3699 pascali

197 3715 452 3798 sollempnitate
485 3715 565 3778 sede
597 3714 705 3795 regali
737 3722 784 3777 aet
819 3714 961 3791 Ceodre,
980 3735 1070 3779 anno
1102 3717 1245 3780 domini·

197 3835 257 3880 cae
291 3813 537 3879 incarnationis
564 3831 873 3877 ‚neocenxxvun
892 3815 1023 3879 decimo
1050 3835 1131 3879 uero
1155 3836 1246 3879 anno

197 3916 271 3979 eius
300 3914 428 3995 regalis
462 3913 605 3996 imperii.
675 3914 744 3976 His
773 3914 920 3977 testibus
955 3917 1247 3979 consentientibus

198 4033 344 4099 quorum
361 4013 502 4077 inferius
521 4013 658 4076 nomina
675 4012 857 4078 ordinatim
877 4023 1116 4077 carraxantur.

247 4109 326 4178 Her
351 4133 391 4195 ys
417 4112 629 4194 geswutelod
654 4134 697 4177 on
720 4110 840 4195 dysum
868 4115 1022 4195 gewrite,
1046 4106 1093 4177 ha
1112 4113 1248 4194 Eadgar
