2858 4890
179 345 223 410 88
392 371 395 377 ·
438 357 612 406 cunnrnn
635 356 979 413 nusnosnxonronn.

587 615 811 682 nnxxrv.

508 767 529 810 r
545 735 768 845 sinsin,
790 765 866 831 972.

239 919 278 999 ›1‹
290 915 605 981 Ouruonoxouuu
617 916 747 998 uigoris
762 913 1009 979 aecclesiastici
1019 915 1152 980 monitu
1163 937 1236 982 cre·

182 1018 328 1081 berrime
342 1016 554 1095 instruimur,
567 1025 607 1080 ut
616 1016 667 1081 illi
678 1016 804 1099 oppido
818 1014 963 1079 subiecti
975 1016 1236 1099 suppeditantes

107 1105 109 1110 ’
183 1117 387 1181 famulemur
415 1117 474 1200 qui
498 1118 604 1182 totius
627 1117 744 1180 mundi
766 1116 932 1180 fabricam
954 1116 1040 1179 miro
1060 1117 1236 1182 ineffabili·

184 1237 252 1300 que
281 1217 368 1281 serie
404 1217 590 1300 disponens
627 1219 899 1293 microcosmum,
920 1213 1035 1280 Adam
1066 1217 1236 1296 uidelicet,

183 1317 324 1382 tandem
350 1315 572 1401 quadriformi
597 1318 806 1401 plasmatum
830 1317 976 1380 materia
1001 1317 1093 1382 almo
1119 1318 1237 1383 adsui

184 1417 440 1482 similitudinem
463 1419 663 1483 instinctum
685 1417 882 1501 spiramine,
897 1417 1066 1482 uniuersis
1088 1438 1178 1501 quae
1202 1419 1236 1483 in

184 1518 310 1583 infimis
332 1518 555 1596 formauerat,
569 1537 639 1582 uno
660 1517 827 1601 probandi
847 1536 954 1581 causa
974 1527 1135 1602 excepto,
1151 1521 1236 1586 ueti-

185 1628 291 1702 toque
306 1618 508 1701 praeficiens
528 1618 763 1702 paradisiacae
786 1619 1005 1682 amoenitatis
1026 1619 1238 1686 iocunditate

185 1720 399 1784 collaterana
436 1718 512 1782 Eua
544 1719 676 1783 scilicet
708 1719 832 1783 comite
860 1718 1096 1784 decentissime
1133 1721 1237 1786 collo·

186 1821 290 1884 cauit.
344 1818 532 1884 Laruarica
564 1839 627 1902 pro
658 1819 778 1884 dolor!
810 1817 973 1883 seductus
995 1820 1237 1902 cauillatione;

185 1919 389 2004 uersipellis,
409 1919 649 2002 suasibilisque
670 1920 954 2002 tergiuersatione
978 1920 1143 2002 uiraginis
1166 1923 1237 2005 pel·

185 2022 296 2085 lectus
328 2020 559 2085 anathematis
591 2020 706 2102 alogia
733 2020 853 2084 ambro
885 2038 1025 2103 pomum
1054 2023 1239 2087 momordit

186 2121 345 2198 uetitum,
354 2129 390 2185 et
405 2121 470 2184 sibi
486 2137 527 2183 ac
543 2122 690 2203 posteris
707 2120 744 2183 in
761 2120 826 2184 hoc
840 2139 1069 2204 aerumpnoso
1085 2121 1238 2188 deiectus

188 2222 328 2285 saeculo
345 2221 477 2285 lethum
493 2221 681 2304 promeruit
701 2227 916 2304 perpetuum.
959 2221 1239 2289 Uaticiuantibus

188 2322 357 2404 siquidem
373 2321 561 2405 prophetis,
579 2328 614 2385 et
636 2321 781 2386 coelitus
802 2321 942 2404 superni
966 2323 1057 2403 regis
1075 2322 1239 2390 diuturna

189 2421 414 2485 clamdestino
440 2419 624 2503 praesagia
660 2422 823 2503 dogmate
863 2423 1099 2504 promentibus
1131 2425 1239 2490 nitide

190 2521 404 2600 orthodoxis,
432 2521 605 2604 eulogium
631 2541 676 2586 ex
707 2522 863 2605 supernis
887 2521 1065 2588 deferens:
1099 2545 1170 2588 non
1200 2533 1240 2592 ut

191 2621 400 2686 Iudaeorum
422 2621 586 2686 seditiosa
607 2622 745 2704 elingue
774 2622 903 2687 fatetur
924 2623 1137 2706 loquacitas;
1179 2627 1240 2691 sed

190 2724 392 2806 priscorum,
419 2729 525 2805 atque
554 2723 796 2786 modernorum
815 2723 1058 2805 lepidissimam
1086 2727 1241 2792 ambiens

191 2823 400 2901 facundiam,
431 2821 599 2886 Arrianus
633 2823 914 2906 Sabellianasque
944 2827 1151 2907 proterendo
1185 2848 1242 2892 ne·

191 2925 267 2988 nias
289 2918 484 3006 anagogico
502 2919 709 2988 infrustrans
730 2923 868 3000 famine,
885 2945 1017 3007 nosque
1037 2927 1081 2990 ab
1102 2927 1242 2993 obtunsi

190 3025 357 3090 caecitate
373 3025 596 3089 umbraminis
612 3024 655 3087 ad
670 3043 896 3106 supernorum
912 3025 1169 3091 alacrimoniam
1183 3049 1242 3112 pa·

190 3127 427 3190 trimoniorum
444 3126 632 3201 aduocans,
650 3124 794 3206 angelus
818 3126 975 3208 supernis
994 3126 1131 3209 elapsus
1144 3128 1242 3194 lumi·

191 3228 290 3290 nibus
322 3227 357 3289 in
389 3244 506 3289 aurem
537 3226 763 3289 intemeratae
795 3225 948 3307 uirginis
978 3232 1017 3290 ut
1041 3229 1244 3311 euangelica

192 3326 412 3408 promulgant
438 3325 579 3402 famina,
610 3325 783 3409 stupenda
810 3326 973 3391 cecinisse
1000 3325 1137 3392 uidetur
1168 3350 1242 3394 car-

192 3427 296 3501 mina,
324 3426 379 3488 cui
397 3425 564 3489 aecclesia
589 3431 664 3489 tota
682 3426 852 3492 catholica
872 3446 1025 3491 consona
1046 3448 1131 3493 uoce
1164 3431 1242 3496 alti·

192 3525 353 3590 bohando
371 3524 574 3606 proclamat,
597 3525 732 3589 ‘Beata
751 3547 787 3591 es
804 3527 904 3609 uirgo
923 3527 1038 3591 Maria
1058 3549 1147 3612 quae
1171 3552 1244 3596 cre·

190 3626 318 3702 didisti,
330 3623 550 3707 perficientur
565 3625 649 3689 inte
665 3645 754 3708 quae
765 3628 859 3691 dicta
874 3636 956 3692 sunt
968 3629 1030 3692 tibi
1044 3648 1065 3692 a
1079 3630 1243 3697 domino.’

194 3727 322 3792 Mirum
340 3726 433 3789 dictu
451 3726 652 3789 incarnatur
670 3728 825 3804 uerbum,
842 3736 877 3791 et
891 3729 1133 3812 incorporatur
1153 3733 1244 3797 scili-

194 3835 249 3892 cet
271 3826 368 3903 illud,
392 3825 522 3908 dequo
547 3826 763 3909 euangelista
787 3830 1044 3910 supereminens
1069 3831 1246 3898 uniuerso-

191 3948 269 3992 rum
281 3926 462 3991 altitudine
475 3946 637 3990 sensuum
654 3927 786 4009 inquit;
815 3927 881 3992 ‘ln
897 3930 1063 4013 principio
1077 3939 1152 3996 erat
1168 3953 1245 3998 uer-

193 4031 286 4105 bum,
303 4036 339 4091 et
354 4028 498 4104 uerbum
510 4034 583 4090 erat
600 4028 691 4110 apud
708 4029 821 4107 deum,
839 4036 873 4093 et
883 4029 969 4093 deus
986 4037 1061 4094 erat
1075 4035 1245 4113 uerbum,'

193 4138 230 4207 et
258 4128 402 4215 reliqua.
455 4126 536 4206 Qua
561 4128 720 4192 uidelicet
746 4135 884 4212 sumpta
914 4130 956 4195 de
981 4131 1114 4213 uirgine
1136 4134 1247 4201 incar·
