2858 4890
440 375 614 425 cusanus
637 376 981 428 snouosrxorucsn.
1193 362 1238 427 67

606 631 809 698 nnxvu.

531 781 553 825 s
567 746 790 861 ntuetr,
811 780 889 848 971.

237 927 278 1009 ›1‹
291 924 339 991 Iu
354 925 492 992 nomine
507 927 637 995 domini
653 929 765 995 nostri
783 928 890 995 Ihesu
907 927 1050 995 Christi.
1100 927 1233 1009 Quam-

183 1025 237 1089 uis
260 1026 401 1093 decreta
430 1029 631 1111 pontificum
659 1037 696 1095 et
724 1030 832 1095 uerba
863 1029 1081 1095 sacerdotum
1112 1029 1232 1095 incon-

181 1126 292 1191 uulsis
319 1126 555 1209 ligaminibus,
579 1130 678 1196 uelut
701 1129 927 1195 fundamenta
952 1131 1132 1207 montium,
1161 1130 1235 1194 fixa

183 1225 266 1305 sint,
294 1232 413 1291 tamen
447 1229 649 1314 plerumque
679 1229 943 1313 tempestatibus
972 1236 1008 1293 et
1039 1229 1233 1296 turbinibus

182 1326 412 1392 saecularium
440 1349 555 1393 rernm
573 1330 696 1413 religio
715 1336 858 1394 sanctae
876 1329 1064 1395 aecclesiae
1088 1331 1234 1395 maculis

181 1427 407 1510 reproborum
431 1427 621 1513 dissipatur
647 1448 689 1494 ac
713 1430 896 1513 rumpitur.
962 1429 1094 1494 Iccirco
1116 1429 1232 1513 prosu-

182 1533 301 1591 turum
322 1528 586 1594 succedent-ibus
604 1530 754 1613 posteris
773 1548 849 1593 esse
874 1529 1100 1608 decreuimns,
1120 1537 1160 1595 ut
1178 1550 1233 1609 ea,

183 1646 274 1710 quae
291 1627 423 1692 salubri
436 1629 581 1693 consilio
603 1636 640 1695 et
660 1630 832 1695 communi
847 1648 992 1694 assensu
1008 1629 1234 1709 diffiniuntur,

183 1727 313 1791 nostris
329 1726 440 1793 literis
461 1729 625 1796 roborata
643 1729 840 1794 firmentur:
863 1737 1076 1812 quapropter
1090 1729 1234 1811 dignum

182 1826 323 1891 uidetur
345 1835 386 1893 nt
413 1829 583 1893 aecclesia
605 1830 728 1894 beatae
754 1829 810 1893 dei
831 1829 1007 1912 genitricis
1031 1848 1233 1912 semperque

182 1928 330 2009 uirginis
356 1928 493 1993 Mariae
516 1928 733 2007 Glastoniae,
754 1930 846 1994 sicut
871 1948 915 1992 ex
944 1930 1087 2012 antiquo
1106 1930 1233 2011 princi-

184 2027 297 2110 palem
323 2028 360 2091 in
382 2048 492 2111 regno
516 2048 594 2095 meo
623 2031 756 2095 obtinet
779 2029 995 2111 dignitatem,
1018 2030 1069 2093 ita
1094 2030 1235 2112 speciali

185 2127 336 2211 quadam
351 2135 387 2193 et
402 2129 571 2211 singulari
593 2130 767 2214 priuilegii
787 2129 948 2194 libertate
960 2148 1024 2211 per
1044 2148 1108 2193 nos
1124 2129 1233 2194 hono-

186 2234 292 2293 retur.
356 2227 439 2293 Hoc
470 2229 589 2314 itaque
619 2231 807 2295 Dunstano
840 2230 1098 2293 Dorobernensi
1128 2237 1234 2313 atque

186 2326 352 2392 Oswaldo
362 2328 575 2393 Eboracensi
587 2329 853 2413 archiepiscopis
866 2329 1139 2406 adhortantibus,
1152 2349 1235 2393 con·

185 2428 355 2492 sentiente
390 2428 498 2493 etiam
530 2437 566 2495 et
598 2437 772 2494 aunuente
798 2429 990 2494 Brithelmo
1021 2429 1234 2493 Fontaneusi

185 2528 360 2611 episcopo,
383 2528 598 2615 caeterisque
620 2529 804 2614 episcopis,
825 2530 1009 2594 abbatibus
1027 2536 1063 2593 et
1079 2529 1235 2611 primati-

185 2629 262 2706 bus,
285 2646 351 2711 ego
373 2628 527 2711 Eadgar‚
552 2630 672 2694 diuina
690 2630 918 2712 dispositione
945 2649 1008 2692 rex
1030 2626 1236 2711 Anglorum,

186 2735 471 2812 caeterarumque
491 2731 646 2812 gentium
670 2731 706 2793 in
730 2730 875 2793 circuitu
896 2729 1153 2812 persistentium
1171 2750 1236 2812 gu-

186 2829 352 2894 bernator
380 2838 416 2894 et
447 2836 572 2906 rector,
604 2831 641 2895 in
670 2830 808 2894 nomine
840 2829 952 2893 almae
978 2830 1143 2910 trinitatis
1174 2849 1236 2911 pro

187 2928 305 2993 anima
322 2929 433 3012 patris
454 2930 534 3007 mei,
554 2931 614 3012 qui
635 2929 684 2994 ibi
702 2930 898 3012 requiescit,
920 2937 955 2992 et
978 2937 1236 2993 antecessorum

184 3048 355 3105 meorum,
372 3030 547 3112 praesenti
570 3029 753 3112 priuilegio
774 3028 945 3106 discerno,
968 3036 1085 3092 statuo
1102 3034 1137 3092 et
1155 3047 1236 3091 con-

187 3128 299 3207 firmo,
315 3134 356 3192 ut
372 3128 585 3211 praedictum
599 3130 857 3205 monasterium,
871 3129 1050 3210 omnisque
1066 3129 1238 3209 possessio

187 3229 275 3305 eius,
293 3229 338 3292 ab
349 3228 443 3293 omni
454 3229 584 3293 tributo
600 3228 769 3293 fiscalium
785 3230 1002 3309 negotiorum
1015 3247 1107 3291 nunc
1123 3234 1158 3291 et
1174 3229 1238 3290 im-

187 3336 395 3413 perpetuum
420 3328 530 3392 libera
554 3336 590 3393 et
613 3329 732 3411 quieta
755 3334 1000 3411 permaneant;
1029 3339 1064 3391 et
1089 3327 1239 3393 habeant

188 3448 306 3495 socam
322 3427 391 3493 and
406 3446 523 3492 sacam
538 3448 583 3492 on
600 3428 740 3492 stronde
758 3429 826 3492 and
840 3448 886 3492 on
903 3434 1063 3503 streame,
1081 3445 1125 3490 on
1138 3428 1238 3491 wude

189 3527 487 3605 andonselde30n
497 3526 1237 3610 gmbbrice,onburhbrice3hundredsetena3

189 3634 342 3704 mor’das,
360 3626 454 3705 abas,
472 3628 541 3691 and
558 3628 717 3702 ordelas;
741 3629 830 3691 ealle
845 3627 972 3692 hordas
988 3626 1095 3691 bufan
1113 3627 1239 3692 eordan

190 3728 258 3793 and
273 3724 488 3807 beneorban3
517 3726 784 3810 infangeneteos
798 3728 867 3791 and
885 3724 1156 3807 utfangenedeof
1170 3728 1239 3791 and

189 3824 453 3907 flemeneferb03
481 3826 680 3905 hamsocne,
708 3826 877 3902 friobrice,
908 3826 1061 3901 forsteal,
1087 3827 1138 3890 tol
1171 3828 1239 3891 and

191 3934 303 3994 team:
322 3928 374 3992 ita
387 3927 493 3993 libere
506 3935 542 3993 et
556 3929 683 4011 quiete,
693 3928 784 3991 sicut
796 3946 861 4009 ego
875 3925 985 3990 habeo
999 3926 1035 3988 in
1047 3932 1121 3990 toto
1133 3946 1240 4008 regno

192 4047 288 4107 meo;
310 4027 457 4092 eandem
479 4047 618 4111 quoque
638 4028 833 4092 libertatern
855 4034 889 4091 et
911 4034 1119 4109 potestatem
1135 4045 1239 4108 quarn

192 4146 256 4208 ego
278 4127 432 4191 incuria
453 4146 531 4191 mea
550 4126 673 4205 habeo,
696 4135 769 4191 tam
791 4129 827 4190 in
846 4127 1049 4191 dimittendo
1071 4145 1175 4208 quarn
1204 4126 1241 4187 in

1096 4249 1109 4283 r
1121 4241 1137 4284 2
