2858 4890
269 366 313 429 16
525 382 698 429 curaris
723 380 1062 428 nncnosnxomcsn.

270 539 447 620 genitricis
477 537 570 621 quod
605 547 656 602 est
686 539 721 601 in
754 538 1046 618 Wigornacestre,
1078 535 1250 611 condono,
1283 552 1328 599 oa
1359 546 1364 552 '

270 638 430 703 libertate
457 657 527 721 qua
557 638 660 703 michi
693 648 715 703 a
744 658 826 721 rege
855 637 984 701 donata
1016 645 1082 713 est,
1106 656 1185 700 cum
1209 634 1327 718 ipsius

267 739 437 803 libertatis
463 739 693 823 cyrographo,
714 739 791 822 ipso
813 738 951 802 domino
971 757 1049 802 meo
1073 756 1154 819 rege
1172 755 1326 801 consen-

269 839 391 918 tiente,
404 846 439 903 et
454 839 545 904 hanc
561 859 671 903 meam
689 839 910 904 donationem
930 858 995 901 sua
1017 838 1225 902 auctoritate
1241 855 1325 901 eor-

271 941 467 1017 roborante,
489 940 525 1003 in
541 940 740 1005 testimonio
763 941 1003 1023 episcoporum
1026 958 1068 1002 ac
1088 938 1214 1002 ducum
1237 938 1327 1001 sub·

271 1040 502 1119 titulatorum,
530 1049 813 1123 caeterorumque
835 1041 1040 1123 optimatum
1067 1058 1220 1103 suorum.
1287 1037 1327 1101 Si

270 1142 347 1224 quis
371 1148 487 1205 autem
509 1141 685 1206 daemonis
711 1142 888 1218 instinctu,
915 1139 1005 1204 hauc
1032 1147 1186 1204 nostram
1211 1139 1328 1202 dona·

269 1241 398 1305 tionem
428 1242 561 1306 uiolare
589 1242 646 1306 uel
677 1241 864 1323 infringere
889 1241 1124 1323 temptauerit,
1146 1239 1330 1323 disperdet

270 1342 367 1405 illurn
384 1341 481 1419 deus,
497 1342 564 1405 nisi
582 1343 762 1425 resipiscat
777 1349 813 1405 et
829 1342 871 1405 ad
889 1340 1161 1405 satisfactionem
1177 1342 1316 1406 ueniat.

320 1445 358 1523 »14
384 1442 460 1523 Ego
484 1442 624 1525 Eadgar
645 1463 708 1507 rex
730 1442 936 1524 Anglorum,
960 1441 1049 1506 hanc
1074 1460 1184 1506 meam
1207 1442 1328 1505 muni-

188 1592 196 1611 .
270 1541 455 1619 licentiam,
479 1550 515 1607 et
541 1545 608 1607 mei
629 1544 777 1607 ministri
799 1542 1032 1619 donationem,
1054 1543 1156 1624 signo
1176 1549 1328 1607 sanctae

271 1643 383 1706 crucis
398 1642 610 1708 confirmaui.
669 1645 708 1726 »14
726 1643 802 1726 Ego
814 1643 1032 1720 Dunstanus‚
1043 1643 1329 1707 Doroberuensis

269 1743 559 1826 archiepiscopus,
573 1743 725 1808 eiusdem
741 1744 833 1825 regis
850 1742 1122 1808 beneuolentiam
1140 1743 1329 1808 confirma-

270 1842 315 1907 ui.
387 1844 426 1925 »14
452 1844 529 1925 Ego
558 1844 757 1909 Osuualdus
794 1843 1071 1927 archiepiscopus
1106 1844 1327 1908 confirmaui.

275 1944 314 2025 »14
331 1944 406 2026 Ego
441 1944 638 2009 AElfstanns
678 1946 859 2028 episcopus
897 1945 1109 2009 confirmaui.
1171 1947 1211 2027 »14
1242 1944 1328 2026 Ego

271 2043 479 2108 AEbeluuold
513 2045 695 2128 episcopus
726 2046 936 2110 confirmaui.
992 2046 1032 2126 »14
1051 2045 1126 2126 Ego
1157 2045 1326 2110 Sideman

270 2146 453 2228 episcopus
476 2145 689 2210 confirmaui.
740 2146 872 2228 »14Εςο
895 2145 1111 2229 Kyneuuard
1134 2147 1326 2229 episcopus

270 2244 482 2309 confirmaui.
540 2247 579 2328 »14
594 2247 671 2328 Ego
704 2245 860 2310 Deodred
890 2247 1073 2329 episcopus
1104 2246 1325 2311 confirmaui.

276 2349 315 2427 »14
344 2345 420 2428 Ego
453 2345 577 2410 AElfric
617 2348 724 2410 abbas
750 2347 949 2430 subscripsi.
1007 2348 1046 2429 »14
1064 2346 1140 2428 Ego
1172 2347 1326 2411 AEscuui

272 2447 380 2509 abhas
402 2447 601 2529 subscripsi.
667 2449 706 2530 »14
724 2448 800 2530 Ego
812 2447 976 2529 AEbelgar
991 2449 1098 2512 abbas
1116 2446 1323 2530 subscripsi.

277 2547 316 2628 »14
333 2545 409 2627 Ego
427 2546 543 2628 Osgar
556 2549 664 2611 abbas
680 2550 879 2632 subscripsi.
937 2551 976 2632 »14
993 2549 1067 2630 Ego
1084 2548 1215 2612 AElfere
1231 2547 1324 2614 dux.

277 2647 316 2728 »14
333 2647 409 2729 Ego
426 2646 631 2712 AEbeluuine
652 2649 736 2714 dux.
794 2653 833 2731 »14
851 2649 926 2731 Ego
942 2647 1109 2713 Brihtnob
1131 2649 1215 2713 dux.
1274 2649 1318 2731 »14

272 2746 348 2828 Ego
378 2746 588 2812 AEbeluuard
629 2750 712 2813 dux.
785 2753 823 2831 »14
846 2750 922 2831 Ego
956 2750 1122 2816 Brihtnod
1151 2750 1324 2815 minister.

276 2849 315 2930 »14
342 2848 419 2931 Ego
450 2849 591 2914 AElfelm
622 2850 786 2913 minister.
858 2850 897 2931 »14
919 2852 996 2932 Ego
1026 2852 1114 2917 Siric
1152 2851 1324 2916 minister.

275 2952 314 3030 »14
333 2949 409 3031 Ego
444 2950 549 3014 AElfsi
593 2950 758 3014 minister.
833 2952 872 3033 »14
889 2951 965 3034 Ego
996 2951 1112 3016 Uulfsi
1149 2951 1323 3017 minister.

276 3050 315 3131 »14
335 3050 412 3133 Ego
428 3049 579 3115 AEdelric
595 3051 762 3116 minister.
1193 3094 1197 3103 -

734 3244 855 3260 -q—

663 3356 916 3421 nxxxvn.

616 3469 973 3585 *nineiu,uu.

326 3653 426 3736 »141Ν
454 3654 591 3717 nomine
617 3658 739 3719 summi
766 3659 927 3722 tonantis.
982 3657 1209 3741 Omnipotens
1234 3660 1326 3727 deus

270 3757 329 3837 qni
344 3762 469 3819 cuncta
491 3774 536 3817 ex
558 3755 684 3820 nichilo
707 3757 875 3835 formasti,
891 3759 1019 3841 quique
1040 3759 1324 3843 prothoplastum

270 3855 441 3918 hominem
480 3853 593 3918 Adam
632 3860 807 3923 conciuem
845 3859 1006 3923 uidelicet
1047 3879 1122 3925 esse
1159 3860 1325 3928 coelestis

271 3955 484 4019 Iherusalem
501 3956 695 4035 condidisti,
712 3960 877 4041 illumque
893 3961 1102 4042 sempiterna
1118 3962 1325 4030 seductione

269 4056 533 4139 praecipitatum
550 4058 717 4123 immensa
734 4060 863 4142 pietate
880 4067 985 4143 atque
999 4061 1058 4143 pia
1080 4063 1322 4145 praedestina-

270 4155 365 4221 tione
391 4158 435 4221 ad
465 4158 601 4222 culmen
631 4160 809 4241 angelicae
841 4161 1064 4226 beatitudinis
1094 4164 1234 4246 proprio
1264 4186 1323 4230 re-
