2858 4890
512 1325 924 1422 APPENDIX.

642 1879 795 1946 XVIII.

239 2031 329 2096 Haeo
367 2039 450 2097 sunt
468 2051 471 2058 ·
492 2031 668 2096 territoria
705 2031 750 2095 ad
782 2029 997 2114 peoganlram
1034 2035 1243 2114 pertinentia

192 2128 324 2213 primit⁹
342 2133 386 2196 ab
408 2131 586 2196 occidente
607 2131 753 2213 uedring
766 2131 888 2195 mutha
911 2151 973 2215 per
988 2131 1084 2195 illum
1104 2140 1242 2215 portum

191 2231 232 2295 ad
254 2233 367 2296 locum
385 2233 445 2316 qui
465 2231 592 2296 dicitur
612 2231 717 2297 holan
739 2231 848 2296 horan
873 2232 956 2297 fleot
977 2239 1013 2297 et
1034 2232 1084 2296 sio
1105 2233 1243 2297 ducitur

189 2331 222 2394 iu
249 2333 431 2416 langport·
450 2331 531 2396 inde
554 2332 599 2396 ad
625 2332 823 2416 aquilonem
853 2339 891 2397 to
914 2330 1169 2413 unninglande·
1192 2334 1243 2399 sic

188 2431 413 2497 adorientem
434 2452 479 2497 on
500 2432 582 2497 lleot
601 2452 706 2516 super
722 2432 806 2497 illud
831 2432 923 2517 quod
942 2431 1067 2495 dicitur
1089 2431 1125 2497 in
1149 2433 1246 2499 uses·-

187 2532 281 2596 ford·
300 2533 380 2597 inde
399 2534 435 2596 in
456 2533 570 2597 locum
590 2534 651 2617 qui
669 2534 796 2597 dicitur
812 2551 941 2617 cynges
963 2533 1062 2596 uuio·
1080 2541 1115 2598 et
1132 2535 1182 2599 sio
1197 2536 1241 2600 ad

188 2633 302 2696 locum
318 2633 378 2717 qui
394 2631 435 2697 dr
450 2634 579 2716 langan
596 2653 690 2697 erse·
706 2632 786 2698 inde
809 2653 853 2698 on
874 2632 980 2697 loxan
1002 2632 1123 2717 leuge·
1141 2636 1242 2699 etsie

186 2731 222 2795 in
252 2733 367 2797 locum
392 2733 452 2818 qui
476 2731 518 2797 dr
543 2735 669 2798 bebbes
694 2733 793 2798 ham·
818 2733 897 2798 inde
922 2734 959 2797 in
988 2741 1129 2816 pontem
1155 2734 1243 2798 thel-

187 2833 310 2916 brycg·
328 2835 430 2899 etsie
447 2834 491 2898 ad
509 2835 705 2918 aquilonem
726 2834 828 2899 iuxta
844 2833 1014 2917 palustria
1028 2834 1120 2897 loca·
1137 2853 1242 2916 super

187 2931 259 2997 haec
282 2933 325 2996 ad
348 2934 462 2998 locum
479 2935 540 3017 qni
556 2933 598 2999 dr
619 2935 742 3018 hylsan
768 2935 908 2999 seohtra
933 2941 969 2997 et
990 2932 1039 2996 sic
1061 2934 1105 2996 ad
1128 2934 1239 2997 orien-

188 3038 256 3096 tem
279 3033 316 3096 in
336 3035 578 3098 uuaermundes
600 3034 734 3099 hamm·
754 3035 833 3099 hino
856 3035 892 3098 in
913 3032 1053 3096 uuadan
1071 3031 1178 3097 hlaeu·
1198 3036 1241 3098 ab

188 3132 247 3196 illo
279 3133 356 3197 loeo
381 3135 418 3197 in
447 3134 508 3198 fisc
523 3154 635 3198 mere·
657 3142 692 3198 et
709 3135 759 3199 sic
785 3135 821 3198 in
844 3136 969 3219 brynes
999 3133 1098 3196 fleot·
1123 3134 1241 3218 sicque

188 3233 347 3315 dirigitur
370 3233 406 3296 in
431 3254 536 3299 mare.
582 3234 648 3299 Sed
667 3244 702 3301 et
719 3235 853 3299 bisunt
874 3234 1011 3297 termini
1030 3234 1241 3316 pertinentes

188 3334 230 3396 ad
256 3341 457 3416 tangmere·
475 3334 633 3417 primitus
655 3337 695 3400 of
715 3335 910 3419 hleapmere
933 3334 1106 3416 peruiam
1127 3335 1241 3418 pupli-

188 3452 264 3496 cam
290 3434 334 3499 ad
357 3441 486 3499 terram
513 3435 783 3500 heantunensem
811 3435 854 3498 ad
883 3433 1013 3516 anguli
1035 3434 1240 3499 oiroianum·

188 3533 242 3596 ide
270 3533 444 3599 inlocum
471 3535 712 3618 horsagehaeg·
742 3542 778 3599 et
804 3536 854 3599 sic
880 3535 939 3597 ubi
963 3531 1004 3597 dr
1030 3533 1119 3598 heau
1146 3556 1240 3600 erse·

187 3633 267 3698 hinc
290 3635 334 3698 ad
357 3635 512 3699 aelrithe·
532 3636 576 3698 ab
594 3637 670 3719 ipso
687 3637 763 3700 rino
783 3636 827 3699 ad
843 3634 982 3698 fraxinii
998 3653 1123 3697 unum·
1140 3637 1242 3700 etsie

187 3735 230 3797 ad
259 3735 372 3799 locum
399 3736 604 3800 cealemere·
627 3736 707 3800 hinc
731 3736 775 3800 ad
803 3735 937 3799 headan
967 3734 1085 3798 seraef·
1112 3737 1156 3799 ab
1181 3737 1242 3801 illo

186 3835 282 3898 loco·
306 3844 343 3899 to
369 3835 465 3899 lulan
491 3842 653 3900 treouue·
680 3836 787 3901 etsie
822 3837 859 3899 in
896 3834 1095 3899 tatauham·
1120 3836 1170 3899 sic
1197 3837 1241 3899 ad

185 3935 252 3999 risc
271 3954 381 3999 mere·
401 3937 444 3999 ab
462 3936 522 4000 illo
548 3936 625 4001 loco
647 3945 683 4001 to
705 3937 808 4020 hleap
830 3956 939 4000 mere·
958 3942 994 3999 et
1009 3942 1091 3999 sunt
1113 3954 1243 4018 pascua

184 4036 265 4099 onii
282 4036 318 4099 in
335 4056 430 4100 meos
446 4036 536 4100 dune
551 4037 759 4120 pertinentia
777 4038 821 4102 ad
839 4045 1030 4118 tangmere·
