2858 4890
179 348 246 413 276
435 364 607 412 cnnnrnn
633 362 975 411 nucnosnxonrenn.

181 521 345 585 dientiam
369 523 471 584 ambo
497 519 632 602 decepti
653 528 736 583 sunt
750 517 987 582 fraudulenter
1005 537 1067 600 per
1090 525 1234 599 gustum

181 622 275 703 pomi
298 621 385 701 ligni
409 619 523 697 uetiti,
546 627 657 703 atque
680 619 890 683 amoenitate
918 617 1079 682 Paradisi
1107 618 1234 683 deiecti

182 721 316 784 suntin
332 721 398 784 hoc
422 739 628 785 aerumnoso
646 719 797 795 saeculo,
813 728 848 782 et
863 719 993 782 loetum
1010 719 1077 782 sibi
1092 737 1134 782 ae
1152 738 1234 801 pos-

183 822 265 884 teris
291 822 364 884 suis
389 826 665 902 promeruerunt,
692 826 796 900 atque
822 820 857 882 in
883 825 1009 882 tetrum
1034 819 1152 901 abyssi
1176 819 1236 882 de-

180 920 286 989 mersi
306 927 398 984 sunt.
449 919 517 985 Sed
547 919 612 983 hoc
643 919 838 982 misericors
868 926 904 982 et
932 917 1107 999 piissimus
1134 926 1236 1001 pater

182 1019 331 1084 indoluit
352 1020 464 1103 perire
486 1019 618 1083 tamdiu
641 1019 789 1083 nobilem
811 1025 1005 1082 creaturam
1031 1019 1086 1081 sui
1108 1019 1234 1101 imagi·

184 1139 282 1200 nem;
304 1119 464 1183 misertus
481 1126 535 1183 est
549 1118 668 1201 generi
681 1118 830 1182 humano
845 1138 854 1198 ;
871 1119 966 1182 misit
981 1118 1079 1183 nobis
1096 1119 1132 1181 in
1147 1127 1236 1183 tem-

183 1239 279 1302 pore,
301 1219 338 1283 id
363 1227 417 1284 est
438 1227 518 1302 post
539 1219 691 1302 quinque
716 1218 825 1281 millia
850 1237 1028 1296 annorum,
1056 1220 1235 1302 proprium

184 1318 293 1383 filium
315 1339 429 1397 suum,
448 1327 489 1383 ut
503 1318 669 1383 mundum
686 1317 858 1400 perditum
880 1319 1004 1382 iterum
1028 1328 1234 1399 renouaret3

184 1426 224 1483 ut
256 1420 346 1484 sieut
377 1419 500 1483 mulier
532 1419 652 1500 genuit
681 1425 827 1482 mortem
855 1419 890 1482 in
919 1418 1059 1496 mundo,
1089 1420 1140 1483 ita
1174 1441 1237 1504 per

184 1519 360 1583 mulierem
377 1520 482 1584 enixa
497 1528 551 1582 est
568 1518 666 1582 nobis
683 1517 758 1581 uita
778 1518 815 1580 in
837 1518 986 1598 mund03
1012 1528 1047 1583 et
1063 1519 1156 1583 sicut
1172 1541 1237 1603 per

185 1619 346 1683 delictum
366 1618 455 1683 Adae
478 1638 597 1682 omnes
618 1619 821 1694 corruimus,
843 1618 893 1682 ita
917 1638 979 1700 per
1000 1618 1235 1685 obedientiam

186 1719 316 1783 Christi
333 1739 451 1783 omnes
473 1719 705 1796 surreximus3
735 1726 770 1781 et
792 1719 883 1781 sicut
904 1738 997 1783 mors
1019 1738 1080 1801 per
1102 1720 1236 1801 lignum

184 1818 353 1897 introiuit‚
370 1820 473 1883 itaet
496 1819 570 1882 uita
591 1838 653 1900 per
673 1817 807 1898 lignum
827 1826 969 1883 sanctae
991 1820 1100 1883 crucis
1118 1823 1235 1901 uenit3

185 1925 220 1982 et
235 1920 414 2000 antiquum
432 1919 606 1982 inimicum
623 1918 820 1999 superauit3
844 1925 879 1981 et
899 1918 997 1982 fortis
1016 1916 1138 1982 fortem
1163 1922 1237 1984 alli·

185 2019 295 2099 gauit,
312 2026 347 2082 et
360 2019 396 2081 in
412 2019 481 2082 imo
505 2017 668 2082 barathro
692 2018 852 2080 retrusit:
877 2018 967 2082 iuste
984 2019 1087 2100 periit
1108 2022 1169 2102 qui
1183 2022 1236 2083 in-

184 2119 275 2181 iuste
298 2119 445 2201 decepit,
472 2126 577 2200 atque
604 2136 722 2181 omnes
748 2117 910 2199 antiquas
932 2125 1064 2181 turmas
1093 2140 1114 2183 a
1136 2120 1236 2185 fauce

186 2219 325 2299 pessimi
352 2218 461 2282 leonis
488 2217 625 2301 eripuit,
647 2226 682 2282 et
705 2237 804 2280 ouem
826 2218 995 2300 perditam
1022 2220 1058 2280 in
1085 2218 1237 2285 humeris

186 2319 314 2399 posuit,
337 2328 371 2383 et
394 2318 437 2381 ad
460 2319 637 2400 antiquam
655 2317 804 2399 patriam
828 2317 977 2393 reduxit,
1005 2325 1041 2381 et
1066 2318 1237 2384 decimum

187 2417 341 2480 ordinem
356 2417 523 2499 impleuit.
576 2417 678 2480 Unde
693 2437 758 2498 ego
774 2418 993 2494 AE'delreduS,
1008 2429 1237 2501 compunctus

187 2517 241 2580 dei
263 2516 508 2595 misericordia,
527 2518 634 2581 totius
650 2515 810 2580 Albionis
827 2525 1108 2600 caeterarumque
1136 2528 1237 2601 gent-

186 2618 257 2679 ium
281 2617 446 2680 triniatim
471 2617 728 2700 persistentium
750 2616 913 2691 basileus,
937 2618 1017 2681 dum
1034 2619 1237 2702 plerumque

187 2716 374 2797 cogitarem
400 2718 442 2780 de
469 2717 569 2780 huius
593 2717 722 2780 saeculi
745 2716 866 2780 caduci
888 2719 990 2781 rebus
1016 2721 1238 2798 transitoriiS,

187 2817 359 2898 quomodo
386 2819 525 2900 superni
552 2817 690 2880 arbitris
717 2817 887 2893 examine,
916 2826 1043 2882 cuncta
1068 2839 1157 2901 quae
1186 2823 1238 2884 ui-

188 2917 312 2981 dentur
338 2936 430 2981 uana
453 2923 546 2994 sunt,
574 2924 609 2980 et
632 2935 720 2998 quae
743 2936 812 2979 non
835 2917 996 2981 uidentur
1018 2925 1171 2995 aeterna,
1203 2930 1238 2985 et

187 3036 264 3079 cum
286 3018 493 3081 transitoriis
515 3017 617 3080 rebus
640 3023 808 3098 perpetua
824 3017 978 3099 praemia
999 3018 1237 3100 adquirentur.

189 3114 269 3194 Qua
291 3117 333 3180 de
360 3136 409 3193 re,
436 3136 526 3179 nune
551 3115 721 3198 patefacio
743 3117 901 3179 omnibus
929 3117 1118 3196 catholicis
1145 3121 1237 3201 quod

187 3235 265 3277 cum
292 3216 435 3279 consilio
461 3224 496 3279 et
523 3216 663 3280 licentia
693 3216 932 3298 episcoporum
959 3237 999 3280 ac
1017 3219 1239 3299 'principum

188 3321 224 3377 et
254 3315 404 3377 omnium
432 3315 637 3397 optimatum
669 3335 833 3392 meorum,
865 3336 927 3398 pro
962 3337 1076 3380 amore
1108 3317 1239 3384 domini

188 3414 298 3476 nostri
314 3413 419 3477 Ihesu
437 3413 567 3478 Christi
591 3423 697 3496 atque
719 3416 829 3479 sancti
851 3414 1057 3480 confessoris
1073 3415 1240 3482 Germani

189 3531 323 3575 necnon
361 3521 395 3575 et
432 3514 523 3576 beati
563 3514 680 3577 eximii
719 3513 870 3592 Petroci,
906 3535 968 3596 pro
1004 3515 1240 3598 redemptione

190 3613 324 3674 animae
353 3630 461 3688 meae,
486 3621 521 3675 et
544 3633 607 3695 pro
634 3614 850 3678 absolutione
876 3615 1054 3677 criminum
1087 3635 1241 3680 meorum

191 3711 317 3774 donaui
342 3711 554 3793 episcopium
577 3712 740 3776 Ealdredi
765 3714 929 3795 episcopi,
955 3714 988 3776 id
1015 3723 1068 3778 est
1098 3715 1133 3777 in
1162 3737 1243 3799 pro-

191 3809 306 3874 uincia
329 3809 524 3874 Cornubiae
548 3820 586 3875 ut
615 3813 723 3875 libera
744 3814 802 3890 sit,
826 3815 925 3895 eique
948 3815 1102 3877 subiecta
1131 3819 1242 3880 omni-

190 3911 323 3991 busque
355 3910 503 3992 posteris
535 3912 620 3987 eius
646 3920 686 3974 ut
713 3912 787 3994 ipse
815 3914 983 3994 gubernet
1012 3921 1117 3994 atque
1143 3925 1244 3997 regat

191 4028 288 4072 suam
327 4011 525 4092 parochiam
568 4011 670 4075 sicuti
706 4011 764 4074 alii
806 4013 958 4095 episcopi
993 4014 1053 4094 qui
1091 4022 1173 4079 sunt
1208 4017 1244 4079 in

192 4128 267 4173 mea
293 4109 434 4188 ditione,
461 4110 626 4192 locusque
652 4121 756 4192 atque
783 4113 935 4193 regimen
958 4114 1069 4176 sancti
1102 4112 1242 4180 Petrcci
