2858 4890
183 355 248 421 loo
440 371 612 422 onnnrnn
639 368 977 420 nnonosnxouronn.

186 525 278 592 hunc
305 533 403 591 tuum
428 527 491 592 tibi
515 527 722 592 exteriorem
744 526 889 590 incuruo
911 525 1059 608 digitum
1077 545 1182 609 quem
1203 533 1238 591 et

184 627 259 710 ipse
281 647 365 692 mox
387 647 410 692 a
434 648 527 693 nexu
549 627 724 711 podagrae
748 627 884 691 solutus
910 632 945 690 et
967 627 1059 709 signi
1080 627 1238 692 certioris

184 727 311 792 indicio
329 729 513 793 roboratus
529 728 592 792 tibi
608 728 721 810 erigat
737 726 991 811 reparandum!

235 827 440 893 Praedictus
456 828 563 912 igitur
577 827 789 911 piscatorum
807 826 1007 892 didasculus
1023 825 1091 890 hiis
1108 824 1238 890 auditis

183 928 357 1011 euigilans
373 929 530 1012 lucisque
541 928 610 992 diei
619 928 790 1012 spiculum
805 927 842 992 in
859 928 992 992 oriente
1009 924 1237 1009 conspiciens,

184 1028 222 1093 in
247 1048 386 1111 aquam,
403 1030 494 1095 sicut
510 1029 577 1094 sibi
598 1029 731 1093 iussum
754 1028 867 1093 suerat
888 1034 1027 1110 tragum
1043 1045 1145 1092 suum
1160 1025 1238 1091 lax-

184 1148 244 1194 are
270 1130 397 1212 coepit,
420 1137 456 1195 et
478 1130 569 1194 sicut
590 1136 733 1194 sanctus
755 1136 856 1213 pater
877 1129 1099 1213 praedixerat
1120 1127 1239 1209 copio-

184 1249 260 1293 sam
280 1228 536 1295 multitudinem
556 1230 701 1314 piscium
721 1229 891 1294 conclusit
907 1249 1056 1313 quorum
1070 1228 1238 1292 maiorem

183 1329 317 1412 eligens
341 1351 386 1395 ex
417 1337 517 1412 parte
542 1331 656 1394 sancti
683 1329 863 1394 Benedicti
892 1349 970 1394 enm
1000 1328 1139 1394 domino
1171 1346 1237 1393 suo

184 1430 311 1494 obtulit
334 1431 435 1513 eique
462 1430 577 1495 omnia
591 1449 682 1514 quae
702 1430 741 1494 in
763 1429 894 1494 somnis
916 1430 1085 1494 didicerat
1104 1429 1239 1493 reuela-

184 1531 248 1607 uit,
271 1530 487 1613 digitumque
509 1550 611 1595 sunm
638 1549 660 1594 a
685 1536 807 1595 sancto
822 1530 1042 1595 incuruatum
1063 1537 1104 1595 ut
1125 1530 1238 1613 erigat

186 1629 315 1694 obnixe
340 1632 494 1714 1·oganit;
519 1650 609 1714 quae
632 1630 748 1695 omnia
766 1637 880 1695 mente
896 1631 1017 1714 sagaci
1038 1629 1238 1713 concipiens

185 1729 368 1813 Aylwinus
402 1731 549 1815 digitum
571 1731 639 1796 uiri
669 1729 867 1796 haerentem
896 1732 1008 1797 erexit
1037 1730 1237 1815 piscemque

183 1831 376 1914 suscipiens
398 1832 501 1898 matri
525 1831 656 1896 domini
674 1830 781 1896 Ihesu
799 1830 941 1910 Christi,
964 1839 1000 1897 et
1022 1838 1144 1895 sancto
1166 1832 1236 1896 Be-

184 1930 321 1996 nedioto
347 1939 464 2014 grates
491 1932 690 1996 innumeras
713 1930 946 1997 benedicendo
969 1931 1135 2009 exsoluit,
1159 1951 1238 1996 sur·

180 2051 340 2114 gensque
363 2033 418 2097 uir
439 2033 586 2114 insignis
613 2031 758 2096 festinus
784 2032 881 2097 iubet
902 2050 1064 2096 mannum
1087 2050 1236 2115 praepa·

185 2133 267 2209 rari,
281 2139 317 2197 et
333 2133 370 2196 in
385 2133 534 2197 insulam
556 2132 667 2216 ipsam
692 2132 835 2210 uadens,
852 2133 1025 2215 quomodo
1040 2133 1157 2197 iacent
1171 2150 1238 2197 sua

181 2233 360 2309 animalia,
387 2241 427 2299 ut
454 2239 674 2317 praeceptum
700 2239 788 2311 erat,
811 2233 984 2316 explorat.
1045 2232 1141 2297 Mira
1168 2253 1238 2311 res,

184 2339 219 2396 et
241 2334 410 2410 miranda,
433 2333 493 2398 ubi
516 2332 572 2396 uir
593 2333 789 2417 praedictus
811 2332 958 2398 insulam
982 2340 1035 2398 est
1055 2333 1236 2415 ingressus

184 2433 230 2497 ab
247 2433 461 2497 intractabili
482 2434 614 2511 statim,
631 2442 667 2498 et
682 2435 820 2516 gemino
835 2434 967 2510 morbo,
982 2440 1069 2498 nutu
1086 2433 1143 2497 dei
1156 2433 1237 2498 fun·

184 2532 279 2597 ditus
295 2533 462 2597 liberatus
481 2541 546 2610 est,
564 2533 796 2616 animaliaque
818 2552 883 2597 sua
904 2534 941 2598 in
962 2533 1101 2598 modum
1123 2535 1236 2599 crucis

185 2639 322 2697 taurum
348 2653 432 2698 uero
455 2635 491 2698 in
517 2635 629 2699 medio
659 2654 777 2699 eorum
804 2634 917 2698 iacere
942 2634 1135 2718 prospexit.
1188 2635 1237 2700 Et

183 2734 275 2798 siout
304 2735 479 2817 quondam
502 2742 625 2799 saneto
653 2733 824 2799 Clementi
849 2753 962 2816 agnus
993 2733 1081 2816 pede
1109 2735 1236 2801 dextro

183 2833 298 2898 locum
316 2834 435 2912 fontis,
457 2835 507 2900 sic
525 2836 601 2900 uiro
622 2835 683 2900 isti
705 2842 827 2899 taurus
849 2841 978 2899 terram
999 2834 1087 2917 pede
1110 2854 1236 2918 percu-

183 2935 301 3019 tiendo
317 2935 431 2999 locum
448 2955 587 3000 mensae
605 2935 713 3000 futuri
730 2935 901 3000 arcisterii
916 2935 1129 3017 significauit
1145 2935 1236 3001 diui-

176 3035 290 3103 nitus.
343 3035 445 3100 Unde
472 3036 527 3101 uir
555 3035 734 3119 praefatus
760 3036 862 3099 deum
883 3035 1031 3099 laudans
1052 3035 1235 3101 confestim

185 3135 354 3199 truncatis
380 3135 484 3218 lignis
510 3136 653 3201 accitari
679 3129 848 3219 capellam
876 3134 925 3199 ibi
952 3134 1097 3217 pulchro
1130 3155 1236 3219 opere

183 3235 372 3317 praecepit,
396 3255 438 3299 ac
460 3235 582 3300 deinde
602 3243 754 3301 scemate
768 3236 970 3300 condecenti
984 3236 1076 3300 sicut
1090 3237 1237 3303 manda·

183 3341 257 3398 tum
284 3335 351 3399 sibi
376 3334 490 3400 suerat
519 3336 678 3418 regulare
711 3336 848 3400 futurae
875 3336 1139 3418 congregationi
1160 3358 1235 3403 mo-

183 3435 372 3499 nachorum
404 3437 602 3500 construxit
628 3437 842 3501 coenobium.
905 3436 1042 3500 Deinde
1074 3437 1235 3504 reuoluto

183 3535 418 3618 quinquennio
438 3536 626 3619 diebusque
648 3536 898 3618 duodeuiginti,
914 3537 1074 3618 precibus
1089 3556 1235 3603 uenera-

183 3636 304 3699 bilium
327 3636 514 3700 amicorum
530 3656 683 3700 meorum
701 3637 878 3701 Duustani
897 3637 1174 3702 Dorobernensis
1200 3647 1236 3705 et

184 3735 340 3801 Oswaldi
363 3736 592 3801 Eboracensis
616 3737 951 3819 archiepiscoporum
982 3738 1128 3803 eandem
1155 3758 1234 3804 aec·

178 3836 322 3901 ,clesiam
349 3837 385 3900 in
413 3836 544 3902 honore
583 3838 706 3902 beatae
740 3837 885 3920 uirginis
910 3837 1059 3916 Mariae,
1095 3848 1236 3905 sancto·

182 3957 327 4019 rumque
367 3937 619 4019 praedictorum
653 3944 755 4002 sexto
789 3937 867 4001 idus
893 3937 1115 4016 Nouembris,
1142 3959 1235 4008 anno

180 4039 226 4102 ab
251 4038 487 4102 incarnatione
521 4038 651 4102 domini
683 4038 944 4120 nongentesimo
976 4042 1234 4123 septuagesimo

182 4147 318 4222 quarto,
350 4137 537 4203 indictione
569 4137 731 4213 secunda,
764 4138 975 4217 solemniter,
1006 4146 1047 4204 ut
1076 4138 1234 4221 decebat,
