2858 4890
278 369 342 432 150
531 383 704 432 canneru
727 380 1072 430 nnenosnxonrcne.

746 633 882 701 nevi

697 756 919 851 uincla.
1002 806 1004 809 ·

337 934 375 1013 ›1‹
400 931 507 995 Hanc
531 928 644 996 autem
672 933 788 996 omnia
809 950 900 1014 quae
921 929 1107 994 secundnm
1129 929 1335 994 aecclesias-

281 1032 386 1096 ticam
409 1051 564 1095 normam
580 1031 672 1095 iusto
696 1032 926 1096 decernuntur
950 1029 1193 1106 moderamine,
1213 1048 1335 1112 quam-

282 1132 336 1194 uis
363 1133 539 1214 proprium
571 1132 676 1194 robur
703 1132 778 1195 iure
803 1131 994 1207 obtineant,
1018 1137 1132 1194 tamen
1155 1129 1239 1212 quia
1269 1129 1335 1193 hu·

282 1251 404 1294 manae
437 1231 530 1295 uitae
563 1237 676 1294 status
717 1231 893 1294 euidenter
928 1231 1080 1293 incertus
1117 1228 1335 1311 agnoscitur,

283 1329 419 1412 paginis
441 1328 565 1394 saltem
593 1328 719 1393 uilibus
750 1350 814 1416 pro
846 1330 1006 1412 ampliori
1040 1329 1202 1393 firmitate
1233 1331 1336 1392 robo-

283 1437 362 1493 rata
382 1431 584 1511 signantur3
607 1437 819 1512 quapropter
843 1449 909 1511 ego
925 1428 1068 1511 Eadgar-
1088 1429 1195 1492 totins
1210 1426 1337 1492 Albio·

283 1529 337 1591 nis
362 1529 524 1608 basileuS,
549 1530 593 1592 ob
617 1549 767 1593 amorem
790 1529 949 1594 coelestis
971 1529 1106 1612 patriae
1125 1535 1161 1592 et
1178 1546 1336 1592 meorum
1421 1590 1425 1606 ,

282 1628 533 1710 indulgentiam
568 1629 760 1705 criminum,
785 1629 937 1710 aliquam
970 1635 1083 1692 terrae
1114 1628 1336 1710 particulam,

286 1744 389 1791 mxx.
410 1728 542 1791 scilicet
562 1746 713 1805 mansas,
729 1728 801 1792 illic
823 1729 883 1791 ubi
907 1727 1069 1792 solicolae
1092 1726 1336 1790 Beaddinctun

283 1827 414 1904 dicunt,
437 1827 613 1890 territoria
629 1828 839 1905 renouando,
854 1828 1004 1910 qualiter
1023 1833 1103 1890 ante
1122 1825 1190 1888 mei
1210 1833 1335 1909 poten·

284 1933 379 1990 tatus
405 1945 523 1990 oroma
546 1927 747 2004 extiterant,
772 1927 967 1991 uoluntarie
989 1925 1237 2009 perpetualiter
1260 1945 1335 2007 per-

283 2045 423 2089 manere
454 2027 620 2103 concessi,
667 2035 702 2090 et
736 2026 802 2089 hac
831 2046 924 2090 noua
959 2026 1103 2089 rudibus
1138 2025 1336 2088 litterarum

283 2126 439 2207 apicibus
462 2123 555 2189 edita
577 2127 711 2189 cartula
729 2126 964 2191 Wintoniensi
989 2125 1189 2208 pontificum
1215 2124 1336 2190 cathe·
1422 2155 1424 2159 ¹

285 2224 379 2302 drae,
392 2224 611 2289 AEselwoldo
628 2226 835 2308 deposcente
858 2226 1027 2302 antistite,
1043 2224 1218 2288 humiliter
1234 2228 1337 2288 resti-

285 2332 385 2386 tuens
408 2324 616 2388 renerendae
639 2324 801 2402 trinitati,
823 2327 965 2406 eiusque
984 2324 1150 2407 apostolis
1169 2323 1277 2387 Petro
1299 2332 1335 2389 et

286 2422 410 2499 Paulo,
429 2431 469 2488 ut
494 2423 576 2487 olim
600 2443 621 2487 a
643 2421 963 2506 praedecessoribus
990 2424 1075 2486 meis
1101 2424 1185 2487 data
1207 2422 1334 2500 fuerat,

283 2530 451 2604 perpetua
474 2531 696 2605 repraesento
718 2524 885 2589 libertate.
938 2524 995 2587 Ex
1016 2522 1069 2586 his
1084 2539 1187 2588 mxx.
1203 2524 1335 2587 mansis

285 2630 367 2685 sunt
394 2641 487 2699 rura,
520 2642 609 2705 quae
644 2643 721 2713 cum
754 2623 852 2687 siluis
884 2624 949 2687 sibi
987 2623 1251 2705 pertinentibus
1280 2623 1335 2686 his

286 2721 507 2803 appellantur
547 2723 738 2800 uocabulis,
778 2723 998 2806 Cyslesdun,
1026 2721 1188 2799 Tenhric,
1228 2721 1334 2788 Lace.

287 2821 364 2884 Sint
390 2828 506 2885 autem
537 2823 653 2886 omnia
679 2822 764 2887 haec
794 2822 994 2906 supradicta
1024 2842 1106 2886 rura
1136 2821 1230 2884 omni
1265 2830 1335 2887 ter-

285 2941 388 2985 renae
405 2922 583 2986 seruitutis
599 2922 682 3004 iugo
698 2922 818 2998 libera,
834 2924 945 2988 tribus
961 2921 1128 3004 exceptis,
1146 2929 1224 2986 rata
1241 2922 1335 2986 uide-

285 3021 365 3085 licet
398 3021 630 3103 expeditione,
662 3023 778 3104 pontis
809 3023 942 3086 arcisue
972 3020 1236 3086 restauratione.
1292 3022 1336 3085 ¹Si

285 3123 364 3203 quis
391 3121 500 3202 igitur
521 3121 611 3184 hanc
642 3122 829 3186 aecclesiae
856 3122 1051 3186 libertatem
1076 3121 1208 3186 uiolare
1235 3142 1338 3211 prae·

286 3221 482 3302 sumpserit,
500 3221 686 3285 anathema
702 3223 759 3299 sit,
777 3229 812 3286 et
828 3221 952 3285 inferni
967 3221 1177 3286 cruciatibus
1192 3223 1337 3286 attritus

285 3319 429 3382 infoelix
452 3321 609 3399 intereat,
637 3322 704 3385 nisi
727 3321 971 3386 satisfaciendo
1002 3328 1084 3385 ante
1114 3321 1246 3385 obitum
1279 3342 1336 3387 ne-

286 3418 379 3482 niam
397 3419 593 3483 obtinuerit.

730 3570 888 3676 novn.

701 3729 922 3826 nineia.

340 3909 378 3988 ›1‹
402 3905 613 3970 lnnrrrnn
645 3927 759 3971 rernm
783 3917 938 3973 creatore
966 3927 1007 3971 ac
1034 3909 1252 3973 moderatore
1277 3911 1340 3976 do-

284 4008 376 4068 mino
390 4013 509 4069 nostro
517 4007 621 4070 Ihesu
633 4007 772 4071 Christo
784 4009 819 4071 in
831 4018 1010 4072 aeternum
1027 4011 1218 4092 regnante!
1239 4008 1340 4075 Abo-

283 4105 458 4168 minabilia
484 4106 658 4170 titillantis
697 4107 826 4172 saeculi
856 4108 995 4191 piacula
1023 4109 1107 4173 diris
1143 4111 1340 4176 obscoenae
