2858 4890
178 353 222 419 58
427 370 599 419 curasan
626 369 964 418 uuomsnxourcun.

181 529 380 613 quisitione,
403 535 497 593 stent
522 548 649 593 causae
673 528 870 592 saeculares
896 528 1144 604 emendandae,
1163 535 1237 592 tam

182 631 342 695 clementi
356 630 516 693 examine
539 629 683 692 fratrum
705 629 783 693 loco
805 629 1021 693 manentium
1046 630 1156 693 uictui
1178 628 1234 692 uel

182 731 326 796 uestitui
348 731 545 794 necessaria
570 730 829 793 ministrantes:
855 729 966 793 adhuc
992 731 1135 811 insuper
1162 749 1236 793 om-

182 852 260 896 nem
273 838 435 915 quartum
451 849 627 894 nummum
644 829 854 911 reipublicae
869 831 905 893 in
923 830 1103 913 prouincia
1119 828 1236 893 Gran-

181 939 353 997 taceaster
376 931 542 995 fratribus
568 930 779 994 reddendum
805 929 879 993 iure
905 936 1072 1013 perpetuo
1099 949 1235 995 censeo.

183 1032 229 1097 Et
242 1033 289 1097 sit
308 1032 373 1096 hoc
393 1031 614 1114 priuilegium
637 1031 784 1094 liberum
802 1031 904 1113 quasi
928 1050 1054 1094 munus
1077 1037 1236 1094 nostrum

182 1134 246 1197 deo
269 1133 395 1196 deuote
417 1132 572 1196 oblatum
594 1137 629 1195 et
651 1131 782 1195 sanctis
801 1131 876 1195 eius
898 1130 1096 1213 praedictis
1113 1131 1158 1195 ad
1181 1150 1235 1193 re·

183 1232 333 1296 medium
359 1232 552 1295 animarum
581 1239 778 1295 nostrarum
801 1232 905 1296 sicuti
931 1231 1079 1315 praefati
1103 1250 1236 1308 sumus,

183 1341 222 1396 ut
250 1332 367 1396 nullus
394 1351 516 1413 regum
550 1351 612 1394 nec
646 1332 852 1415 principum,
880 1338 942 1396 aut
966 1330 1073 1394 ullius
1104 1331 1235 1395 ordinis

182 1433 345 1516 quislibet
360 1439 580 1514 praepotens
597 1432 634 1495 in
653 1439 842 1514 posterum,
861 1432 1036 1496 obstinata
1051 1431 1236 1514 tyrannide

182 1533 313 1616 aliquid
327 1532 450 1597 horum
465 1531 653 1614 infringere
667 1539 878 1614 praesumat,
892 1532 922 1595 si
937 1551 1007 1595 non
1019 1532 1096 1596 uult
1109 1532 1236 1595 habere

181 1633 427 1715 omnipotentis
445 1632 500 1695 dei
522 1631 797 1696 maledictionem
818 1638 853 1696 et
874 1640 1073 1696 sanctorum
1096 1633 1184 1709 eius,
1201 1640 1237 1696 et

182 1752 293 1797 meam
311 1741 346 1798 et
359 1740 498 1816 patrum
513 1751 679 1809 meorum,
695 1752 758 1815 pro
776 1733 899 1815 quibus
912 1733 982 1797 ista
997 1733 1114 1797 omnia
1126 1733 1237 1797 libera

181 1833 300 1897 haberi
315 1834 475 1897 uolumus
492 1841 634 1909 aeterna
649 1832 809 1897 libertate
828 1832 865 1895 in
882 1840 1072 1897 aeternum.
1107 1831 1234 1897 Amen.

182 1933 262 1998 Hoc
281 1933 501 2017 priuilegium
520 1932 623 1996 huius
640 1932 837 1997 donationis
855 1940 890 1996 et
904 1933 1076 1997 libertatis
1090 1933 1235 1998 fecimus

180 2034 285 2098 scribi
309 2053 401 2098 anno
423 2034 673 2097 incarnationis
692 2033 822 2096 domiui
844 2034 953 2097 nostri
974 2033 1082 2097 Ihesu
1104 2033 1236 2098 Christi

182 2135 443 2216 nongentesimo
466 2135 734 2215 septuagesimo,
754 2133 942 2197 indictione
962 2134 1065 2197 tertia
1088 2132 1235 2211 decima,

182 2255 274 2298 anno
289 2234 388 2316 regni
398 2233 466 2297 mei
482 2252 592 2315 aeque
603 2235 706 2298 tertio
717 2234 862 2310 decimo,
873 2234 909 2297 in
924 2233 1009 2298 uilla
1021 2234 1132 2315 regali
1146 2254 1235 2318 quae

180 2336 313 2399 famoso
328 2334 499 2398 uocabulo
516 2354 537 2397 a
553 2333 705 2398 solicolis
721 2333 922 2398 Uulfamere
938 2335 1149 2412 nominatur,
1165 2355 1235 2400 non

182 2435 272 2499 clam
298 2435 335 2497 in
363 2434 504 2516 angulo,
538 2434 598 2497 sed
627 2434 691 2497 sub
724 2434 804 2498 diuo
832 2435 949 2517 palam
978 2435 1235 2499 euidentissime

182 2534 370 2599 scientibus
393 2534 503 2599 totius.
523 2535 620 2615 regni
642 2535 709 2598 mei
732 2535 949 2617 primatibus,
964 2555 1111 2618 quorum
1127 2555 1234 2618 quae·

183 2637 264 2699 dam
285 2634 425 2699 nomina
449 2634 506 2698 hic
527 2635 618 2699 infra
638 2634 744 2698 inseri
769 2634 813 2698 ad
834 2635 1069 2700 testimonium
1093 2637 1129 2700 in
1154 2656 1234 2719 pos-

182 2744 294 2801 terum
309 2734 562 2799 mandauimus.

234 2836 311 2918 Ego
341 2835 524 2917 Eadgarus
551 2854 614 2898 rex
642 2835 758 2899 animo
783 2835 933 2916 benigno
962 2835 1028 2901 hoc
1056 2835 1235 2919 largiendo

183 2937 248 3000 deo
264 2936 432 3013 concessi,
447 2947 483 2999 et
497 2936 594 3017 regia
610 2935 821 2999 sublimitate
839 2937 1060 3000 corroboraui
1075 2938 1131 3018 »1«.
1157 2936 1234 3018 Ego

185 3038 349 3102 Dunstan
363 3036 642 3118 archiepiscopus
656 3036 877 3100 corroboraui
892 3039 947 3119 »1«.
1001 3036 1077 3118 Ego
1092 3037 1236 3120 Oscytel

184 3138 465 3219 archiepiscopus
490 3136 704 3201 consolidaui
724 3138 779 3218 ff«.
833 3136 909 3216 Ego
930 3133 1137 3202 AEdeluuold
1165 3138 1237 3220 cpi-

185 3258 312 3321 scopus
326 3237 528 3303 confirmaui
540 3237 597 3317 ᾧ.
644 3237 721 3319 Ego
733 3235 886 3300 AElsstan
903 3237 1085 3321 episcopus
1100 3239 1238 3320 consig-

185 3338 267 3401 naui
282 3338 336 3419 »1«.
390 3335 466 3418 Ego
490 3335 597 3400 Osulf
624 3338 806 3419 episcopus
834 3337 1037 3402 confirmaui
1051 3340 1106 3420 »1«.
1157 3338 1236 3420 Ego

187 3437 323 3502 Uulfric
347 3437 530 3519 episcopus
554 3437 716 3520 adquieui
731 3439 787 3520 ᾧ.
850 3436 926 3518 Ego
954 3437 1135 3521 Uuynsige
1166 3439 1239 3521 epi-

187 3557 312 3620 scopus
326 3537 547 3601 corroboraui
563 3536 619 3617 ᾧ.
665 3538 742 3620 Ego
754 3537 935 3602 AElfuuold
952 3539 1134 3622 episcopus
1154 3557 1238 3602 con-

186 3637 321 3702 firmaui
335 3639 390 3720 ᾧ.
440 3639 516 3721 Ego
536 3639 704 3702 AEluuold
731 3638 914 3721 episcopus
946 3638 1160 3703 consolidaui
1178 3640 1237 3720 ᾧ.

187 3738 263 3820 Ego
279 3738 435 3802 Osuuold
458 3740 640 3821 episcopus
663 3737 824 3821 adquieui
839 3739 894 3820 »1«.
940 3739 1018 3821 Ego
1034 3738 1239 3822 Byrhthelm

186 3839 371 3921 episcopus
411 3839 612 3902 confirmaui
632 3839 687 3920 ᾧ.
750 3839 826 3920 Ego
866 3838 1012 3903 Eadelm
1054 3840 1239 3922 episcopus

185 3938 388 4021 consignaui
405 3939 460 4020 »1«.
514 3936 591 4019 Ego
610 3939 719 4002 AElric
742 3940 928 4022 episcopus
949 3940 1164 4005 consolidaui
1180 3941 1237 4021 ᾖ.

187 4038 263 4120 Ego
282 4039 443 4121 Uulfsige
461 4039 644 4122 episcopus
660 4041 882 4104 corroboraui
897 4041 953 4122 ᾧ.
1005 4038 1167 4124 AElferya
1183 4060 1238 4104 re-

184 4139 268 4222 gina
287 4143 341 4223 »1«.
394 4139 640 4205 AElfricabbas
657 4141 712 4221 ax«.
766 4140 922 4223 AEscwig
937 4140 1044 4204 abbas
1059 4141 1116 4221 »1«.
1170 4140 1238 4205 Os-
