2858 4890
448 362 623 411 charran
646 363 993 414 iuonosrxomorn.
1198 350 1242 414 47

181 540 242 585 nes
258 520 395 586 futuros
411 522 569 599 abbates,
581 521 730 585 decanos
747 529 852 605 atque
867 523 1086 605 praepositos
1100 532 1238 589 contes-

182 630 309 699 tamur,
323 641 445 686 uerum
462 623 567 686 etiam
581 623 616 686 in
634 623 771 687 nomine
788 623 898 705 patris
912 629 948 687 et
963 624 1025 687 filii
1043 631 1078 687 et
1096 625 1239 706 spiritus

181 723 294 787 sancti
322 722 557 805 prohibemus,
585 724 749 806 quatinus
776 743 895 787 sacros
924 724 1018 788 illius
1051 725 1240 789 aecclesiae

183 822 366 888 thesauros
390 844 460 888 non
486 823 693 901 distrahant,
722 843 834 907 neque
860 831 970 888 terras
997 845 1059 889 seu
1085 825 1240 889 redditus

183 922 240 986 uel
260 924 427 988 beneficia
446 924 482 988 in
497 925 571 987 suis
588 923 644 987 uel
664 933 846 1007 parentum
869 944 1011 989 suorum
1029 926 1149 989 usibus
1167 935 1239 992 sto-

183 1023 252 1087 lide
267 1024 481 1108 expendant,
492 1044 604 1107 neque
621 1043 643 1087 a
653 1027 763 1089 seruis
778 1024 834 1089 dei
846 1045 935 1108 quae
951 1047 1014 1108 pro
1029 1027 1098 1089 illis
1113 1027 1240 1091 ibidem

183 1123 331 1189 habetur
352 1126 583 1190 substantiam
606 1127 840 1191 subtrahendo
862 1127 1031 1191 minuant.
1084 1126 1187 1205 Quod
1209 1129 1238 1191 si

183 1225 312 1308 aliquis
339 1226 620 1309 praesumpserit,
648 1227 746 1291 illum
776 1227 867 1290 sicut
896 1228 1101 1292 uiolatorem
1135 1236 1239 1310 atque

184 1332 478 1408 transgressorem
500 1327 602 1390 buius
628 1329 738 1391 nostri
755 1327 896 1404 decreti,
915 1329 1021 1392 immo
1044 1329 1239 1410 apostolici,

185 1433 267 1490 ante
289 1447 461 1491 summum
478 1428 625 1492 iudicem
643 1447 721 1492 cum
737 1429 872 1493 uenerit
895 1429 1072 1494 saeculum
1088 1429 1239 1494 iudicare

185 1526 382 1610 perignem
399 1547 643 1611 responsurum
660 1549 765 1612 super
782 1529 847 1593 hac
864 1550 900 1593 re
917 1531 1117 1594 inuitemus.

651 1827 789 1894 nnvr.

555 1944 777 2058 eineis,
799 1978 878 2044 oso.

242 2135 281 2216 ›1‹
304 2132 384 2198 Nos
407 2151 527 2198 sacrae
550 2131 769 2196 auctoritatis
791 2130 1017 2214 agyographo
1044 2151 1239 2197 commone·

188 2254 275 2311 mur,
291 2254 382 2317 quae
394 2232 575 2317 perspicue
592 2233 727 2296 cunctis
744 2232 915 2296 cautelam
933 2233 1081 2309 intimat,
1099 2233 1237 2297 dicens:

189 2334 340 2399 ‘Nudus
357 2352 518 2417 egressus
535 2352 612 2397 sum
627 2352 673 2396 ex
690 2339 789 2397 utero
812 2333 932 2396 matris
950 2352 1058 2411 meae,
1075 2341 1109 2397 et
1126 2335 1239 2398 nudus

188 2446 344 2500 reuertar
358 2432 465 2499 illuo.'
510 2434 556 2499 Et
572 2434 718 2499 iterum:
743 2432 799 2497 ‘N
801 2433 881 2497 ichil
905 2434 1081 2498 intulimus
1097 2435 1133 2498 in
1150 2435 1239 2499 hunc

189 2536 367 2614 mnndum,
387 2555 506 2600 uerum
533 2553 597 2599 nec
620 2535 665 2599 ab
692 2554 734 2599 eo
762 2535 895 2598 auferre
917 2535 1000 2616 quid
1026 2536 1239 2617 poterimus.’

189 2635 413 2719 Quapropter
436 2656 502 2718 ego
524 2634 676 2718 Eadgar,
695 2635 806 2699 tocius
824 2635 1053 2718 Bryttanniae
1076 2636 1240 2712 basileus,

189 2737 363 2820 quandam
386 2736 519 2801 telluris
541 2735 746 2819 particulam
764 2752 888 2799 .xxx.
906 2735 1068 2800 uidelicet
1083 2749 1239 2801 cassatos

189 2837 267 2903 loco
283 2838 344 2922 qui
367 2837 491 2902 celebri
513 2844 560 2901 aet
577 2836 807 2920 Wyttannige
824 2843 1044 2919 nuncupatur
1056 2838 1239 2914 uocabulo,

190 2938 329 3004 cuidam
355 2938 513 3004 ministro
539 2937 643 3002 michi
669 2937 796 3020 oppido
820 2937 924 3014 fideli,
948 2938 1008 3020 qui
1030 2938 1074 3001 ab
1097 2937 1240 3002 huiusce

189 3039 324 3123 patriae
346 3039 512 3121 gnosticis
535 3038 642 3102 nobili
657 3037 827 3102 AElshelm
851 3038 1047 3120 appellatur
1066 3046 1238 3116 onomate,

189 3160 253 3224 pro
274 3139 440 3222 obsequio
466 3140 540 3203 eius
555 3139 792 3215 deuotissimo,
809 3144 978 3221 perpetua
992 3138 1140 3220 largitus
1163 3158 1239 3203 sum

188 3240 424 3320 haereditate;
441 3247 480 3305 ut
495 3241 581 3322 ipse,
597 3240 672 3303 uita
687 3239 824 3315 comite,
842 3258 919 3302 cum
936 3240 1095 3302 omnibus
1112 3242 1241 3303 utensi-

189 3342 293 3420 libus,
310 3342 419 3425 pratis
441 3341 614 3417 uidelicet,
631 3339 781 3422 pascuis,
798 3339 909 3416 siluis,
926 3341 999 3403 uoti
1021 3358 1161 3422 compos
1177 3340 1240 3405 ha-

190 3443 282 3520 beat,
296 3449 333 3506 et
348 3449 428 3524 post
444 3443 537 3505 uitae
552 3460 637 3504 suae
651 3440 835 3504 terminum
852 3441 1125 3522 quibuscumque
1143 3443 1238 3506 uolu-

191 3542 256 3608 erit
270 3543 475 3607 cleronomis
487 3543 660 3606 inmunem
676 3540 904 3623 derelinquat.
937 3540 991 3604 Sit
1006 3549 1122 3604 autem
1139 3562 1239 3624 prae-

190 3642 320 3708 dictum
337 3662 396 3706 rus
411 3643 503 3707 omni
525 3650 682 3707 terrenae
704 3642 882 3705 seruitutis
903 3641 985 3722 iugo
1004 3642 1160 3717 liberum,
1178 3645 1239 3707 tri·

190 3745 254 3808 hus
267 3744 436 3826 exceptis,
453 3750 531 3808 rata
546 3742 708 3806 uidelicet
723 3741 953 3824 expeditione,
972 3743 1089 3823 pontis
1105 3743 1239 3807 arcisue

190 3845 451 3910 restauratione.
487 3844 523 3908 Si
536 3844 614 3926 quis
629 3843 738 3926 igitur
748 3841 837 3906 hanc
850 3849 1003 3906 nostram
1018 3843 1239 3908 donationem

191 3946 226 4009 in
244 3944 338 4010 aliud
354 3963 459 4027 qnam
481 3943 723 4009 constituimus
741 3942 927 4008 transferre
944 3943 1105 4022 uoluerit,
1121 3945 1238 4027 priua-

190 4053 248 4111 tus
265 4046 439 4111 consortio
461 4051 603 4110 sanctae
618 4045 673 4108 dei
696 4044 895 4121 aecclesiae,
911 4046 1060 4109 aeternis
1083 4046 1238 4109 barathri

190 4145 356 4211 incendiis
376 4146 535 4228 lugubris
550 4145 677 4228 iugiter
691 4165 769 4209 cum
788 4145 888 4223 Iuda,
905 4144 1035 4210 Christi
1051 4146 1236 4228 proditore,
