2858 4890
178 737 494 825 curnula*
535 742 1140 831 Anonosrxoruenn.
1191 701 1193 704 ⁴

554 1099 788 1167 oxxvrrr.

467 1217 763 1329 *ndusrdru
785 1251 861 1316 eoo.

189 1401 229 1482 ›1‹
244 1398 451 1464 Uurunasrs
479 1400 626 1481 posteris
650 1400 873 1466 christianam
895 1401 998 1466 fidem
1021 1403 1184 1486 profiten-

134 1501 238 1576 tibus,
263 1501 468 1564 Dunstanus
487 1499 723 1564 Doroberniae
743 1509 778 1566 et
801 1501 990 1566 Osketulus
1008 1504 1184 1568 Eboraeae

135 1600 397 1683 archiepiscopi,
415 1598 649 1665 AEdelwoldus
671 1601 883 1679 Wintoniae,
905 1603 1088 1667 Oswaldus
1106 1604 1184 1667 Wi-

132 1701 287 1782 gorniae,
310 1700 538 1765 ethelwinus
557 1700 819 1766 Dorcacestriae
844 1704 1009 1786 episcopi,
1036 1705 1183 1767 salutem

133 1801 169 1865 in
194 1802 332 1866 domino
363 1801 618 1884 sempiternam.
672 1800 760 1865 Cum
788 1803 993 1867 naturaliter
1010 1804 1182 1886 AEgyptii,

133 1910 291 1985 pastores
312 1921 431 1966 omnes
451 1902 567 1965 onium
588 1911 807 1980 execrantur,
825 1909 860 1967 et
882 1903 944 1966 filii
964 1906 1182 1968 tenebrarum

134 2003 223 2068 filios
252 2002 339 2066 lucis
372 2003 487 2065 furore
514 2001 724 2084 implacabili
751 2009 1005 2086 persequuntur
1031 2002 1185 2089 (semper

133 2104 224 2167 enim
249 2102 393 2167 Madian
417 2102 559 2185 perdere
581 2103 747 2185 populum
773 2104 901 2168 domini
925 2101 1182 2188 machinaturz)

133 2205 310 2288 cupientes
332 2203 410 2267 ideo
431 2203 468 2264 in
490 2202 644 2267 futurum
666 2211 787 2268 eontra
809 2204 996 2269 sceleratos
1018 2212 1054 2269 ct
1076 2206 1183 2268 saeri-

132 2305 229 2387 legos
254 2312 409 2368 sanctam
434 2309 578 2368 matrem
601 2305 803 2369 aecclesiam
824 2304 952 2386 iugiter
977 2306 1182 2370 infestantes

132 2427 268 2469 murum
291 2403 498 2468 defensionis
521 2424 694 2487 opponere
719 2416 754 2469 et
781 2406 977 2488 quicunque
1002 2426 1040 2470 se
1064 2405 1181 2469 diuino

133 2507 275 2570 seruitio
300 2504 597 2585 mancipauerunt,
618 2512 653 2569 et
672 2506 708 2568 in
732 2507 856 2570 castris
881 2506 1010 2571 domini
1026 2526 1181 2589 quocun-

132 2626 199 2690 que
222 2605 324 2669 modo
346 2604 593 2680 militauerunt,
614 2604 756 2670 reddere
779 2608 823 2670 ab
844 2607 1039 2675 huiusmodi
1065 2626 1181 2689 perse·

133 2708 310 2772 cutoribus
347 2703 549 2783 securiores,
581 2711 616 2768 et
645 2707 682 2768 in
711 2706 813 2771 domo
850 2707 978 2771 domini
1012 2707 1181 2784 tutiores;

133 2807 351 2872 attendentes
390 2805 494 2870 etiam
534 2805 786 2897 sanctissimam
828 2807 1046 2872 deuotionem
1077 2827 1181 2889 quam

132 2907 277 2992 piissimi
296 2924 395 2987 reges
415 2907 524 2970 nostri
546 2907 721 2988 temporis,
740 2907 872 2972 sedicet
894 2907 1050 2971 Edredus
1072 2927 1181 2989 quon-

132 3010 212 3073 dam
227 3028 301 3084 rex,
319 3014 355 3071 et
369 3005 520 3088 inclytus
537 3026 599 3069 rex
615 3005 797 3088 Eadgarus
814 3029 904 3072 nune
920 3014 1095 3091 superstes
1110 3005 1181 3092 (in-

132 3111 285 3193 spirante
310 3114 431 3171 saneto
456 3104 597 3190 spiritu)
628 3116 859 3189 conceperunt
884 3108 927 3171 ad
955 3107 1182 3172 restauranda
1266 3117 1268 3122 “

132 3229 232 3275 saera
252 3227 430 3272 seruorum
451 3205 581 3270 Christi
605 3208 827 3284 monasteria,
850 3215 885 3272 et
910 3207 1110 3271 aecclesiam
1127 3207 1182 3271 dei

132 3311 326 3392 ubieunque
342 3307 562 3372 releuandam
577 3326 586 3384 3
610 3306 839 3391 chirographa
859 3308 1044 3372 eorundem
1061 3319 1181 3389 regum

129 3410 375 3493 benignissime
394 3426 559 3472 concessa
581 3409 769 3473 uenerabili
789 3410 881 3492 patri
900 3407 1093 3472 Turketulo
1118 3410 1179 3472 ab·

129 3512 204 3576 bati
235 3507 484 3593 croylandensi
514 3506 591 3594 (qui
621 3529 684 3591 pro
716 3511 850 3593 patriae
882 3509 1041 3573 coelestis
1064 3528 1181 3572 amore

130 3612 270 3677 diuitias
299 3609 426 3673 multas
450 3615 485 3672 et
511 3627 655 3690 magnas
676 3610 864 3692 dignitates
891 3609 1076 3673 fortissime
1101 3609 1181 3673 reli-

131 3709 224 3797 quit)
237 3712 279 3775 de
295 3709 554 3774 confirmatione
571 3711 625 3772 sui
642 3712 843 3775 monasterii
859 3710 925 3774 sibi
941 3709 1099 3773 eonseeta
1117 3728 1180 3772 nos

130 3812 338 3878 auctoritate
358 3810 476 3873 diuina
501 3809 756 3889 confirmamuS,
778 3811 1008 3888 ratificamus3
1043 3828 1084 3872 ae
1106 3829 1180 3873 om·

131 3934 204 3990 nes,
220 3911 280 3995 qni
297 3912 419 3975 timore
437 3909 493 3972 dei
513 3914 721 3994 postposito,
744 3911 978 3996 possessiones
1001 3910 1084 3975 dicti
1106 3930 1180 3974 mo-

130 4013 271 4080 nasterii
287 4011 434 4093 diripere
456 4013 680 4090 tentauerint,
700 4013 756 4077 uel
778 4032 897 4095 pacem
914 4012 1082 4074 dictorum
1105 4030 1179 4073 mo-

130 4114 320 4180 nachorum
341 4119 463 4176 eontra
484 4111 706 4178 intentionem
728 4120 763 4177 et
784 4113 1000 4176 uoluntatem
1022 4118 1180 4191 praetae-

180 4232 269 4279 ron.
287 4229 340 4277 111.
1010 4228 1029 4271 n
