2858 4890
180 363 246 429 248
432 376 605 426 cunnum
632 373 974 424 nuouosnxomcnn.

183 539 261 619 Ego
278 536 453 600 Leofwine
477 533 677 609 monachus.
747 537 786 615 ›1‹
812 534 889 616 Ego
906 530 1054 596 Wulsrie
1082 530 1240 595 clericus.

189 639 228 720 ›1‹
247 638 322 719 Ego
341 633 480 700 AElfnod
498 635 661 700 clericus.
732 636 772 713 ›1‹
793 634 869 716 Ego
884 631 1055 698 Wulfnob
1081 631 1240 695 clericus.

189 740 228 818 ›1‹
247 737 324 818 Ego
337 736 524 801 Wulfwine
541 736 696 800 clericus.

235 835 366 901 Rubrio.
420 826 604 900 Norhtsm.
630 824 805 920 Byrestdn
822 832 889 896 and
908 832 1069 897 AElfstin.

650 1011 771 1024 ——1

568 1225 571 1229 ἡ
600 1130 839 1197 nouxxn.

518 1278 811 1360 *murinum
833 1280 910 1346 ooo.

245 1435 284 1513 ›1‹
307 1430 391 1495 CUM
419 1449 482 1494 nos
504 1430 541 1493 in
564 1438 720 1494 extrema
741 1449 829 1513 pene
851 1427 955 1492 huius
973 1428 1066 1493 uitae
1088 1429 1245 1511 margine

190 1551 369 1595 cernamus
387 1531 520 1608 sistere,
534 1537 569 1594 et
585 1531 708 1594 ultima
725 1549 881 1612 quaeque
898 1531 1106 1594 senescentis
1123 1527 1246 1593 mundi

190 1631 344 1714 pericula
369 1631 600 1694 indesinenter
631 1630 737 1708 luere,
764 1631 988 1694 admonemur
1008 1650 1070 1712 per
1092 1630 1157 1694 hoc
1182 1649 1245 1712 pa-

187 1739 303 1812 tenter
326 1732 574 1814 paruipendere
607 1731 790 1812 fugitiuam
820 1737 925 1812 atquo
950 1729 1115 1794 caducam
1142 1731 1246 1794 huius

190 1833 354 1915 temporis
383 1851 556 1914 pompam,
590 1839 626 1909 et
656 1830 698 1894 ad
735 1831 1048 1894 immarcessibilem
1083 1840 1247 1912 aeternae

191 1931 416 1996 beatitudinis
441 1952 503 2014 per
530 1933 698 2007 bonorum
729 1951 871 2014 operum
897 1930 1142 1995 exhibitionem
1169 1940 1246 1996 ten—

192 2032 271 2112 dere
288 2032 462 2115 palmam:
487 2039 521 2095 et
542 2032 706 2114 quicquid
729 2031 890 2096 utilitatis
919 2032 1046 2096 nostris
1068 2031 1173 2095 fuerit
1191 2032 1247 2096 dei

192 2132 347 2210 mirifica,
360 2132 591 2209 allubescente
621 2131 802 2195 clementia
833 2139 1002 2196 statutum
1032 2133 1248 2214 temporibus

191 2232 256 2296 hoc
280 2233 416 2315 apicum
443 2233 534 2296 notis
556 2233 706 2295 inserere
725 2232 843 2308 eartiS,
858 2252 901 2296 ne
921 2232 985 2296 hoc
1004 2233 1130 2314 ipsum,
1154 2234 1247 2316 quod

193 2334 295 2410 absit,
328 2352 349 2395 a
378 2333 666 2415 subsequentibus
696 2351 802 2396 causa
831 2333 1047 2414 ignorantiae
1075 2333 1249 2396 annullari

191 2433 263 2514 ullo
291 2432 392 2513 modo
422 2440 538 2515 queat,
567 2440 601 2496 et
629 2440 749 2497 nostra
774 2440 856 2496 tunc
882 2452 1012 2496 merces
1038 2433 1247 2497 minoretur!

194 2532 417 2615 Quapropter
431 2553 496 2614 ego
509 2531 724 2610 AEhelredus,
738 2533 949 2616 sceptrigera
965 2533 1093 2597 ditione
1108 2531 1248 2616 Anglis,

193 2633 408 2716 caeterisque
428 2623 629 2702 sistentibus
655 2635 690 2696 in
713 2633 857 2697 circuitu
876 2634 1049 2715 gentibus,
1071 2653 1170 2712 uoce,
1187 2634 1248 2698 ha·

193 2734 267 2797 bitu
296 2753 497 2816 morumque
522 2734 690 2798 uarietate
720 2734 929 2797 distantibus
956 2754 1017 2798 rex
1050 2734 1249 2798 subthroni-

194 2842 308 2916 zatus,
328 2835 372 2898 ob
395 2853 491 2897 meae
511 2834 698 2897 remedium
721 2834 892 2898 animulae
910 2843 944 2916 et
967 2835 1011 2898 ob
1034 2835 1248 2899 stabilimen·

194 2943 268 2999 tum
293 2921 390 3017 regni
414 2934 557 2998 coelitus
580 2935 736 2999 mihimet
757 2922 923 3012 concessi,
946 2942 1049 3018 atque
1072 2936 1177 2999 etiam
1205 2937 1248 3000 ob

194 3036 366 3099 maximae
387 3036 553 3117 pecuniae
569 3036 717 3117 pretium
740 3036 893 3100 mihimet
911 3056 973 3118 pro
996 3036 1062 3100 hoc
1082 3036 1159 3118 ipso
1178 3037 1248 3100 col-

193 3136 277 3221 lat0,
300 3136 457 3199 condono
484 3135 527 3213 ad
553 3136 670 3216 sancti¹
688 3142 722 3198 et
747 3136 864 3200 eximii
885 3135 986 3199 huius
1014 3137 1149 3219 patriae
1171 3157 1248 3220 pro-

195 3237 394 3318 tomartyris
432 3232 561 3299 Albani
600 3235 813 3308 coenobium,
848 3237 1019 3318 quandam
1058 3237 1144 3299 iuris
1183 3240 1249 3302 mei

193 3335 459 3418 portiunculam,
483 3343 638 3399 cassatas
664 3336 821 3418 equidem
848 3355 960 3413 senas,
988 3337 1077 3399 binis
1103 3338 1138 3399 in
1164 3337 1249 3418 locis

193 3442 356 3522 semotas,
381 3454 484 3497 unam
506 3436 649 3512 scilicet,
666 3437 724 3498 ubi
751 3437 794 3499 ab
816 3436 943 3500 accolis
961 3438 1091 3500 usitato
1112 3439 1250 3517 nomine

194 3537 319 3617 dicitur
346 3535 575 3614 Fleamstede,
601 3544 637 3599 et
669 3537 820 3618 quinque
846 3537 906 3599 ubi
933 3545 1015 3617 noto
1041 3538 1250 3603 uocitamine

195 3637 240 3699 ob
288 3636 369 3699 olim
408 3634 599 3717 ⁴castellum
640 3636 709 3698 iam
752 3656 840 3718 pene
883 3636 1046 3718 dirutum
1072 3635 1251 3715 Ausonioa

194 3736 314 3817 lingua
350 3736 528 3799 dicebatur
561 3735 808 3815 Uerulamium,
843 3737 935 3820 quod
963 3757 1026 3801 nos
1059 3737 1252 3820 uulgariter

195 3837 339 3916 dicimus
372 3835 707 3917 Waetlingaceaster,
736 3837 794 3917 ubi
834 3847 869 3900 et
904 3838 979 3920 ipse
1012 3839 1251 3903 sanctissimus

193 3937 325 4024 ‚Christi
351 3937 512 4019 agonista
539 3937 638 4000 uaria
663 3956 726 4019 pro
755 3937 821 4000 fide
847 3937 977 4001 Christi
1005 3938 1147 4018 sustulit
1179 3947 1251 4003 tor-

193 4045 386 4102 mentorum
416 4036 659 4101 cruciamenta.
729 4036 809 4119 Hoc
838 4039 1012 4118 sagaciter
1040 4058 1116 4102 meo
1139 4040 1252 4114 reuol÷

194 4157 279 4224 nens
303 4137 417 4222 animo
439 4138 563 4202 iustius
585 4137 658 4201 fore
684 4137 805 4219 multo,
835 4139 946 4201 locum
970 4139 1098 4221 inquo
1125 4159 1251 4223 passus
