2858 4890
181 373 247 439 aab
439 384 611 435 cusnrun
638 362 992 433 aucmsaxourcrny

628 637 822 706 DCXCII.

539 787 801 866 AEDELRED,
819 788 897 854 995.

243 944 281 1023 ›1‹
306 938 511 1005 Ruounuru
536 939 574 1002 in
598 958 686 1003 eona
711 957 835 1003 conum
862 937 949 1003 coeli
971 944 1153 1021 terraeque
1175 938 1250 1003 dis-

187 1042 339 1123 positore
376 1039 548 1119 Erebique
574 1037 842 1121 triumphatore!
891 1037 1099 1102 Uacillantis
1131 1047 1250 1103 status

187 1139 297 1209 cosmi
339 1139 578 1221 undecumque
615 1139 773 1221 uergitur
808 1158 849 1203 ao
887 1138 1007 1220 rigidis
1050 1138 1250 1203 turbinibus

188 1241 355 1324 quatitur,
378 1239 439 1303 sed
466 1247 686 1305 succurrente
708 1238 901 1305 diuinitatis
925 1239 1177 1320 omnipotentia
1198 1240 1250 1304 ita

188 1350 305 1409 tamen
319 1338 462 1406 heroum
481 1339 682 1405 fulcimento
699 1341 882 1404 roboratur
895 1359 939 1402 ne
955 1337 1130 1404 titillando
1147 1358 1249 1403 ener-

189 1441 281 1505 uiter
306 1439 511 1523 pessundari
541 1439 732 1522 improuide
761 1438 933 1516 uideatur,
961 1437 1046 1503 dum
1071 1445 1250 1503 tantorum

190 1540 399 1611 auctoritate
427 1539 613 1622 primatum
645 1539 845 1607 moderatur
874 1538 1038 1621 quamdin
1065 1538 1248 1604 christiani

190 1640 361 1704 onomatis
384 1639 492 1721 pollet
514 1640 626 1720 uigor,
650 1659 691 1702 ac
710 1658 893 1719 regnorum
912 1639 989 1704 iura
1011 1638 1156 1721 prouida
1179 1640 1249 1704 dis-

189 1740 392 1823 pensatione
409 1739 663 1819 gubernantum
683 1738 775 1805 uude
790 1757 877 1821 quos
894 1738 997 1802 istius
1011 1740 1089 1804 aeui
1106 1739 1250 1804 fortuna

192 1859 298 1907 manu
323 1838 440 1921 tepide
465 1840 655 1906 euectionis
687 1839 810 1904 alludit
841 1858 1058 1920 summopere
1083 1839 1127 1903 ad
1160 1859 1250 1904 nan-

190 1939 350 2004 ciscenda
382 1958 424 2002 ea
459 1939 710 2021 inuigilandum
742 1945 797 2003 est
827 1938 955 2027 gaudia
988 1957 1077 2021 quae
1109 1941 1252 2005 minime

193 2048 274 2107 sunt
296 2057 411 2103 annua
434 2046 488 2104 set
510 2040 676 2106 continua
701 2038 866 2122 quatinus
894 2038 1136 2104 distributione
1161 2046 1251 2105 tern-

192 2140 364 2223 poralium
382 2158 548 2220 gazarum
565 2147 725 2204 aeternae
742 2139 952 2221 dapsilitatis
974 2139 1119 2221 adipisci
1138 2159 1250 2204 mere·

191 2247 297 2307 autur
319 2237 541 2304 adminicula.
591 2238 814 2322 Quapropter
829 2258 893 2320 ego
908 2238 1117 2304 AEeeuedus
1136 2241 1252 2304 tocius

194 2338 353 2404 Albionis
384 2338 440 2401 dei
466 2339 685 2420 prouidentia
711 2340 908 2421 imperator,
935 2338 1070 2407 cuidam
1097 2339 1252 2404 dilectis-

194 2439 281 2504 simo
301 2436 387 2504 mibi
405 2438 564 2504 ministro
582 2440 638 2502 cui
659 2439 836 2522 parentele
859 2438 1022 2504 nobilitas
1046 2438 1172 2504 Wlfric
1197 2442 1251 2505 in·

195 2537 282 2601 didit
303 2557 439 2614 nornen,
464 2558 527 2619 pro
549 2539 714 2602 fidissimo
741 2558 811 2622 quo
835 2538 918 2601 mihi
946 2537 1130 2604 affabiliter
1151 2542 1251 2605 obse-

195 2637 367 2706 cundatus
386 2644 440 2701 est
464 2639 641 2720 obsequio,
667 2639 840 2720 quandam
863 2638 953 2702 ruris
974 2638 1193 2720 particulam,
1216 2641 1251 2705 id

196 2744 261 2816 est,
287 2737 373 2800 duas
399 2756 537 2801 mansas
565 2745 601 2802 et
622 2737 798 2802 dimidiam
827 2737 863 2801 in
893 2739 971 2801 loco
1002 2739 1061 2803 ubi
1077 2738 1251 2805 ‘solicolae

197 2839 276 2921 [aet]
292 2837 508 2907 Dumbeltun
522 2839 713 2921 appellant,
730 2838 767 2902 in
780 2845 984 2921 perpetuam
997 2840 1150 2905 concedo
1169 2841 1252 2906 hae-

194 2939 390 3014 reditatem,
411 2938 576 3020 quatinus
605 2939 663 3002 ille
689 2940 776 3002 bene
803 2939 1000 3021 perfruatur
1024 2958 1065 3004 ac
1087 2960 1253 3025 prospere

143 3058 145 3063 ’
190 3038 383 3121 possideat,
400 3038 564 3120 quamdiu
582 3037 684 3103 huius
702 3037 780 3103 aeui
793 3038 980 3103 incolatum
998 3039 1097 3104 uitali
1113 3040 1251 3106 flamine

193 3138 401 3220 rotabilique
429 3144 545 3202 meatu
569 3157 767 3220 percurrere
789 3139 941 3203 cernitur
953 3159 967 3217 ;,
991 3146 1128 3221 etpost
1151 3141 1253 3206 istius

193 3239 309 3302 labilis
332 3236 426 3300 uitae
446 3255 638 3314 excessum,
656 3239 858 3320 cuicumque
875 3239 941 3302 sibi
957 3238 1096 3307 libuerit
1117 3260 1254 3306 succes-

196 3338 267 3403 sori
287 3336 513 3418 derelinquat.
566 3337 620 3401 Sit
636 3344 752 3401 autem
771 3338 984 3420 praedictum
1008 3358 1079 3415 rus,
1097 3343 1190 3421 quod
1216 3343 1251 3407 in

195 3436 368 3503 communi
386 3443 479 3500 terra
489 3435 594 3500 situm
606 3444 671 3512 est,
683 3436 828 3504 liberum
840 3439 884 3502 ab
902 3438 994 3503 omni
1010 3439 1179 3506 mundiali
1195 3443 1253 3506 ob

196 3535 345 3611 staeulo,
360 3553 438 3598 cum
461 3537 618 3600 omuibus
635 3556 724 3619 quae
747 3537 790 3600 ad
813 3538 926 3618 ipsum
949 3539 1061 3603 locum
1078 3542 1253 3622 pertinere

196 3637 438 3710 dinoscuntur,
463 3643 534 3699 tam
559 3636 596 3699 in
619 3638 753 3718 magnis
779 3657 884 3720 quam
907 3638 942 3703 in
968 3637 1114 3705 modicis
1136 3643 1252 3719 rebus,

196 3735 339 3818 campis,
361 3735 511 3816 pascuis,
529 3736 650 3816 pratis,
665 3737 774 3814 siluis,
795 3745 946 3820 excepto
965 3737 1042 3804 istis
1059 3739 1175 3816 tribus
1192 3761 1253 3808 ex-

194 3836 381 3931 peditione,
413 3835 529 3917 pontis
555 3837 690 3901 arcisue
715 3838 979 3904 constructione
1033 3837 1140 3903 Hanc
1172 3861 1255 3906 uero

195 3955 307 4003 meam
333 3934 568 4011 donationem,
594 3935 685 4017 quod
710 3945 794 4017 opto
817 3937 908 4001 absit
934 3957 955 4001 a
977 3937 1130 4004 fidelium
1156 3960 1255 4006 men·

194 4037 305 4114 tibus,
314 4035 547 4103 minuentibus
565 4043 671 4118 atque
687 4035 941 4118 frangentibus,
958 4036 1020 4103 fiat
1033 4057 1116 4120 pars
1132 4059 1252 4105 eornm

193 4156 270 4199 cum
294 4134 364 4199 illis
384 4133 426 4197 de
451 4133 574 4216 quibus
601 4143 764 4199 econtra
788 4135 893 4214 fatur,
916 4136 1116 4202 ‘Discedite
1140 4159 1162 4203 a
1185 4161 1252 4219 me,
