2858 4890
177 355 246 421 318
433 371 605 421 curaris
628 371 969 421 auoioelxourcna

231 531 344 595 Dorso.
408 531 459 616 bis
498 532 528 594 is
566 535 647 617 bara
679 547 780 595 ·xxv·
815 529 900 594 hida
931 529 996 593 boc
1027 531 1066 612 be
1094 526 1241 614 asbelred

180 649 293 714 cyngc
324 630 517 713 gebocode·
551 639 744 715 yoeantun·
770 630 894 712 clolige
921 629 976 694 his
1003 630 1110 714 begae
1141 645 1164 692 a
1193 647 1242 691 on

181 723 274 796 *ece'
290 731 382 795 erle·
405 740 442 797 to
460 731 631 814 geofenne
652 747 671 811 ξ]
692 739 730 796 to
749 732 919 814 geldenne
938 750 990 795 aer
1009 729 1112 812 daege
1131 745 1152 809 Ἰ
1176 717 1243 793 aest

179 829 280 914 daege
296 837 387 898 baem
402 835 440 919 be
453 833 524 897 liim
540 833 664 898 leofest
678 850 761 911 seo;

631 1129 799 1197 occur.
1033 1215 1038 1224 Ι

522 1276 788 1357 messano,
809 1277 907 1342 1001.

239 1430 279 1511 ›1‹
302 1426 515 1492 eounrroar
537 1434 774 1491 creaturarum
793 1425 1053 1503 uniuersalium,
1069 1444 1132 1490 sen
1149 1445 1241 1510 quae

182 1528 219 1592 in
234 1529 378 1593 secretis
402 1527 608 1593 coelestibus
625 1527 745 1592 ocellis
761 1526 928 1591 hactenus
943 1526 1054 1590 latent
1069 1526 1241 1605 humanis,

183 1648 246 1692 seu
262 1649 350 1712 quae
374 1628 411 1692 in
437 1628 539 1693 terris
561 1628 744 1693 uisibiliter
759 1633 892 1710 patent,
909 1645 971 1690 seu
987 1645 1077 1709 quae
1100 1627 1138 1691 in
1160 1647 1241 1710 pro·

184 1728 300 1793 fundis
336 1729 535 1812 gurgitibus
573 1728 770 1810 fluetiuagis
799 1728 1068 1810 circumquaque
1100 1727 1242 1793 trahant

184 1828 406 1906 discursibus,
443 1829 480 1891 in
522 1847 606 1893 suae
645 1826 1004 1893 incommutabilitatis
1045 1827 1243 1892 firmissima

185 1930 406 1994 aeternaliter
429 1936 598 2009 regnante
618 1928 839 2004 rstabilitato3
863 1934 1058 2010 cunctaque
1084 1929 1128 1991 ab
1152 1927 1241 2012 ipso,

185 2036 221 2093 et
242 2050 304 2112 per
318 2031 443 2113 ipsum,
461 2036 498 2093 et
520 2029 556 2092 in
579 2029 656 2111 ipso
678 2028 830 2106 condita,
850 2028 1041 2110 redempta,
1062 2027 1241 2093 uiuificata

185 2137 267 2193 sunt
275 2129 440 2194 ineffabili
455 2148 539 2193 suae
552 2129 746 2193 maiestatis
763 2135 904 2211 regente
921 2128 1119 2210 priuilegio3
1139 2128 1240 2193 liuius

186 2248 435 2313 aerumpnosae
451 2248 493 2294 ac
507 2230 719 2295 miserrimae
733 2229 827 2294 uitae
841 2229 1051 2295 instabilitas
1069 2228 1241 2293 flebilibus

186 2330 408 2412 querimoniis
446 2349 531 2394 suae
563 2329 763 2394 defectionis
799 2330 870 2394 iam
905 2329 1043 2412 iamque
1077 2348 1241 2413 superue-

188 2429 313 2492 nientis
334 2430 543 2493 laboriosum
565 2419 792 2514 praenunciat
806 2429 1002 2507 terminum,
1016 2429 1148 2512 quippe
1162 2450 1242 2493 eum

188 2529 347 2593 ueritatis
381 2531 670 2613 praeconiumque
704 2549 742 2593 se
774 2539 855 2613 post
885 2537 1003 2595 notam
1034 2530 1243 2613 protoplasti

188 2630 530 2712 praeuaricationem,
546 2650 683 2695 carnem
703 2637 843 2694 nostrae
858 2631 1093 2706 mortalitatis,
1110 2639 1151 2695 ut
1165 2650 1243 2694 eam

188 2729 406 2793 inmortalem
431 2731 651 2813 postmodum
674 2729 834 2794 redderet
858 2749 903 2794 ex
925 2731 1132 2794 intemerato
1155 2750 1253 2794 seru-¹

188 2850 250 2912 per
268 2830 413 2912 uirginis
441 2837 552 2908 utero,
574 2851 638 2913 pro
659 2830 774 2894 salute
801 2831 913 2897 tocius
936 2830 1079 2894 humani
1106 2832 1244 2912 generis

188 2931 329 2994 induere
367 2930 512 3012 dignata
536 2937 601 3007 est,
629 2937 750 2995 nostra
784 2931 987 3012 suscipiens,
1017 2949 1152 3012 suaque
1184 2940 1245 2995 aut
1275 2945 1278 2953 ’

188 3031 398 3113 relinquens
423 3030 514 3094 inter
542 3038 680 3095 caetera
709 3049 794 3095 suae
824 3031 1078 3095 ammonitionis
1107 3031 1245 3113 eloquia

190 3130 241 3195 ita
276 3130 419 3195 dicendo
460 3131 618 3194 omnibus
657 3130 900 3214 proclamarat,
933 3129 1047 3194 ‘Cum
1088 3130 1245 3196 uiderit'u

190 3230 275 3294 haec
298 3230 383 3307 fieri,
405 3230 542 3306 scitote,
561 3230 653 3313 quod
674 3249 782 3314 prope
802 3239 856 3294 est
871 3248 1016 3312 regnum
1035 3229 1118 3310 dei3
1145 3250 1245 3296 amen

190 3329 268 3392 dico
287 3331 386 3394 nobis
409 3331 490 3413 quia
514 3350 584 3394 non
606 3331 808 3413 praeteribit
823 3331 1000 3411 generatio
1022 3329 1119 3407 haec,
1137 3331 1247 3396 donec

191 3429 307 3493 omnia
327 3429 438 3493 fiant:
477 3431 611 3494 eoelum
637 3437 673 3494 et
696 3437 789 3494 terra
811 3431 1019 3508 transibunt,
1043 3431 1154 3494 uerba
1184 3450 1247 3495 au·

191 3535 260 3592 tem
289 3549 367 3592 mea
390 3549 460 3593 non
489 3528 707 3595 transibunb'
747 3527 914 3596 Attamen
941 3530 1069 3595 alicubi
1093 3530 1247 3595 fidelium

191 3628 344 3709 nudique
362 3627 573 3694 consulendo
597 3630 715 3706 saluti,
731 3629 934 3712 lucrumque
952 3631 1133 3712 requirens
1157 3651 1248 3714 quas

191 3728 331 3810 proprio
345 3728 454 3792 liuore
470 3728 615 3793 redemit
630 3728 825 3794 animarum
848 3731 1123 3807 saluberrimum,
1144 3738 1184 3795 nt
1198 3733 1249 3797 ita

191 3828 350 3905 dixerim,
372 3828 650 3894 subministrauit
682 3829 887 3906 antidotum,
917 3831 1036 3895 taliter
1064 3830 1248 3897 uniuersos

193 3918 426 4008 commonens,
452 3928 631 3994 ‘Uondite
660 3949 749 4012 quae
783 3928 969 4012 possidetis
1000 3937 1036 3995 et
1067 3930 1150 3995 date
1179 3932 1248 3996 ele-

191 4028 372 4105 mosinam,
388 4038 423 4094 et
437 4048 518 4092 ecce
540 4031 657 4094 omnia
677 4030 807 4094 munda
826 4037 908 4095 sunt
928 4030 1051 4096 uobis!
1103 4030 1247 4099 Talibus

192 4130 432 4193 mandatorum
463 4126 593 4194 Christi
635 4130 821 4195 sentenciis
858 4149 880 4194 a
912 4130 998 4195 meis
1035 4129 1247 4216 mqmnnus
