2858 4890
184 339 248 402 154
443 354 615 403 assuras
638 352 978 401 auenosaxonicsn.

186 513 349 595 temporis
372 512 563 575 libertatem
588 511 718 574 uiolare
736 512 1015 594 praesumpserit,
1032 512 1235 576 anathema-

186 614 313 676 tizatus
330 612 367 675 in
384 611 511 674 domini
528 610 766 694 persecutione
783 610 991 676 horribiliter
1006 611 1157 675 deficiat.
1231 663 1235 674 .,

655 909 776 974 nex.

599 1029 821 1123 uincla.

237 1209 277 1289 ›1‹
297 1206 355 1271 An
374 1205 619 1287 redemptionis
642 1224 725 1269 suae
748 1213 970 1287 augmentum
991 1206 1085 1270 omni
1108 1213 1236 1271 conatu

183 1306 299 1370 cuncti
333 1306 476 1370 student
503 1304 701 1381 orthodoxi,
725 1313 765 1369 ut
792 1304 883 1382 fidei,
909 1306 984 1388 spei
1010 1306 1235 1387 caritatisque

183 1406 248 1469 alis
285 1404 394 1469 ueluti
432 1405 579 1468 uestium
614 1403 748 1485 fulgore
782 1406 912 1482 amicti,
935 1407 1234 1487 pretiosarumque

181 1505 364 1587 splendore
388 1523 601 1585 gemmarum
631 1504 802 1582 adornati,
836 1513 1035 1568 sanctarum
1064 1505 1234 1568 uirtutum

183 1606 283 1687 copia
320 1603 504 1687 perspicui,
539 1603 720 1666 criminum
760 1604 911 1686 pondere
940 1604 1074 1681 semoti,
1106 1604 1235 1667 terreni

183 1704 335 1786 corporis
367 1703 543 1786 ergastulo
571 1710 764 1780 uersantes,
790 1704 1008 1768 lacrimarum
1035 1703 1129 1767 ualle
1157 1723 1253 1767 cum·

184 1805 290 1869 nimio
304 1803 468 1884 degentes
484 1804 682 1879 certamine,
698 1803 805 1867 totius
821 1803 926 1866 animi
943 1803 1074 1868 cultum
1091 1802 1234 1867 coelesti

182 1903 397 1967 habitatione
415 1903 566 1967 theorico
583 1902 696 1984 figunt
713 1903 954 1967 meditamine:
978 1909 989 1938 ‘
1006 1902 1164 1979 Nostra,’
1183 1903 1234 1965 in·

183 2004 258 2085 quit
274 2001 465 2085 apostolus,
482 2002 727 2066 ‘conuersatio
745 2003 781 2064 in
803 2003 909 2067 coelis
926 1998 1002 2066 est?
1054 2000 1151 2065 Hinc
1173 2002 1234 2083 igi-

183 2111 241 2167 tur
256 2121 321 2183 ego
339 2102 480 2182 Eadgar
495 2101 622 2167 domini
638 2102 806 2183 largiente
821 2102 936 2183 gratia
951 2101 1057 2167 totius
1072 2099 1233 2165 Albionis

182 2202 345 2280 basileus,
375 2200 496 2264 sedula
521 2220 709 2284 procurans
742 2200 984 2277 sollicitudine,
1017 2220 1060 2264 ne
1090 2200 1235 2266 catholi-

182 2321 300 2366 corum
322 2301 494 2383 quispiam
520 2302 649 2364 actuali
667 2301 796 2383 degens
820 2301 1094 2376 conuersatione,
1114 2300 1234 2382 aliqua

181 2400 410 2465 saecularium
436 2419 550 2463 rerum
574 2401 761 2465 uexatione
783 2419 804 2463 a
827 2399 1098 2482 contemplatiua
1123 2401 1233 2483 impe·

183 2500 276 2564 ditus
302 2501 376 2563 uita
398 2500 586 2580 incongrue
614 2508 807 2576 reuocetur,
830 2501 923 2582 quod
941 2501 1022 2565 olim
1044 2519 1067 2563 a
1089 2500 1235 2583 praede-

182 2599 376 2666 cessoribus
400 2600 527 2662 nostris
551 2598 726 2662 aecclesiis
742 2598 871 2663 domini
897 2599 941 2663 ad
963 2600 1017 2662 sui
1043 2599 1233 2664 famulatus

182 2700 384 2782 obsequium
409 2698 549 2780 egregia
573 2718 772 2763 concessum
797 2699 910 2763 suerat
934 2699 1108 2776 libertate,
1134 2719 1235 2764 reno·

183 2801 297 2865 uando
329 2799 554 2862 libentissime
583 2818 770 2881 recupero:
802 2799 904 2863 huius
923 2798 981 2862 rei
1008 2799 1124 2880 gratia
1150 2820 1235 2863 rura

183 2901 297 2966 omnia
314 2899 504 2981 praedicta,
525 2906 561 2963 et
577 2899 736 2982 superius
760 2898 932 2963 distinctis
947 2898 1031 2963 locis
1047 2897 1234 2963 ordinatim

181 3000 282 3065 nouis
303 3000 497 3063 litterarum
520 2997 675 3081 apicibus
699 2997 882 3080 designata
898 2997 1027 3062 Christi
1044 3018 1232 3081 compunc-

182 3108 238 3163 tus
254 3099 452 3181 spiramine,
466 3099 558 3163 iusto
575 3106 676 3162 utens
697 3097 836 3176 iudicio,
858 3098 902 3162 ad
925 3117 1008 3161 usus
1030 3099 1234 3180 pontificum

182 3199 401 3282 supradictae
425 3199 613 3262 aecclesiae
641 3199 719 3261 iura
746 3198 909 3280 religiosa
936 3200 1140 3279 regentium,
1167 3219 1233 3281 pro

181 3299 317 3362 animae
341 3316 438 3361 meae
455 3287 568 3362 salute
584 3298 751 3380 regnique
766 3317 807 3361 ac
823 3317 1059 3362 successorum
1076 3318 1233 3363 meorum

181 3397 423 3481 prosperitate,
448 3406 590 3461 aeterna
615 3397 775 3461 libertate
797 3417 875 3462 cnm
902 3399 1106 3480 optimatum
1136 3418 1233 3464 meo·

182 3517 257 3561 rum
273 3496 427 3573 consilio,
438 3496 585 3560 deuotus
602 3498 797 3561 ammodum
814 3497 963 3575 restitui,
976 3498 1138 3579 omnique
1154 3518 1233 3563 sae-

182 3597 292 3661 culari
319 3595 435 3659 soluta
462 3595 611 3677 gloriose
637 3597 747 3661 ditaui
776 3598 954 3673 seruitute,
977 3616 1020 3660 ne
1042 3598 1233 3663 uexatione

180 3696 376 3761 mundanae
405 3694 612 3774 afflictionis,
645 3717 742 3762 mens
776 3697 974 3781 praesulum
1006 3717 1069 3779 pro
1101 3699 1231 3763 nostris

180 3796 389 3861 facinoribus
421 3795 703 3860 intercedentium
736 3816 757 3860 a
789 3797 907 3861 diuina
937 3796 1231 3879 contemplatione

179 3904 312 3960 remota
334 3895 520 3959 deficiendo
543 3896 755 3960 lassesceret.
807 3896 850 3961 In
875 3897 1011 3961 nomine
1033 3896 1147 3961 almae
1170 3900 1232 3962 tri-

180 3997 298 4061 nitatis
324 4014 364 4058 ac
386 3995 583 4060 indiuidnae
606 3996 750 4060 unitatis
771 3997 957 4080 praecipio,
981 4004 1021 4060 ut
1043 3997 1231 4062 succeden-

180 4098 266 4161 tium
290 4104 479 4178 temporum
504 4097 657 4179 episcopi
682 4097 732 4160 ita
759 4116 897 4178 gregem
922 4096 1109 4180 dyrocheo,
1124 4096 1159 4161 id
1178 4108 1232 4165 est
