2858 4890
449 365 623 414 efflares
646 367 987 418 suonosnxourcns.
1042 387 1046 393 -
1185 353 1250 418 211

193 521 285 585 tinus
299 523 366 589 sibi
384 525 458 589 uita
476 526 604 591 comita
618 524 744 590 babeat
758 546 801 589 ac
822 528 1009 610 possideat,
1028 548 1109 591 cum
1130 536 1247 592 autem

193 620 453 688 dissolutionem
477 625 533 689 sui
553 627 708 708 corporis
734 627 911 692 imminere
933 629 1149 708 cognouerit,
1173 629 1246 691 cui·

192 740 327 804 cunque
360 725 427 789 sibi
462 724 602 789 libuerit
634 726 775 790 haeredi
804 728 1019 793 commendet
1056 737 1095 792 ut
1128 747 1246 810 supra·

193 820 343 886 diximus
369 825 406 888 ia
435 832 611 889 aeternam
640 827 902 909 possessionem.
954 829 991 892 Si
1017 837 1133 891 autem
1162 837 1248 891 tcm-

192 939 274 1002 pore
301 924 488 1007 contigerit
516 925 633 1008 aliquo
662 928 860 1009 quempiam
891 927 1066 991 bominum
1098 929 1246 1010 aliquem

192 1019 345 1087 libellum
367 1024 412 1087 ob
435 1025 580 1088 istarum
601 1027 738 1109 apicum
763 1026 1065 1091 adnichilationem
1080 1028 1116 1091 in
1132 1028 1246 1110 palam

192 1122 393 1202 producere,
409 1124 455 1189 sit
469 1125 674 1190 omnimodis
696 1127 740 1189 ab
754 1127 914 1190 omnibus
936 1127 1113 1190 ordinibus
1138 1127 1247 1191 homi·

192 1241 273 1286 num
296 1223 557 1302 condemnatus,
582 1227 743 1308 omnique
771 1227 925 1291 abolitus
953 1227 1123 1291 industria
1156 1229 1246 1292 ueri·

192 1323 287 1400 tatis,
304 1323 550 1408 cuiuscumque
573 1345 694 1408 regum
713 1335 970 1391 antecessorum
988 1346 1142 1391 meorum
1159 1335 1245 1392 tom·

191 1441 275 1504 pore
305 1424 410 1488 fuerit
434 1425 657 1508 perscriptus.
722 1425 775 1490 Sit
800 1434 916 1491 autem
944 1428 1157 1509 praedictum
1189 1447 1247 1490 rus

191 1521 336 1587 liberum
367 1526 411 1589 ab
442 1526 536 1589 omni
565 1525 732 1590 mundiali
761 1527 954 1604 obstaculo,
975 1547 1056 1590 cum
1088 1528 1246 1591 omnibus

192 1641 282 1704 quac
304 1624 349 1688 ad
372 1623 483 1708 ipsum
511 1625 625 1689 locum
651 1627 822 1709 pertinere
847 1627 1084 1702 dinoscuntur,
1114 1635 1186 1691 tam
1211 1628 1246 1689 in

191 1723 329 1806 magnis
346 1744 450 1808 quam
465 1726 502 1789 in
519 1725 663 1790 modicis
680 1726 794 1804 rebus,
807 1727 952 1810 campis,
963 1727 1111 1810 pascuis,
1125 1727 1247 1810 pratis,

191 1823 302 1901 siluis,
331 1825 558 1909 diriuatisque
586 1826 743 1890 cursibus
771 1846 952 1910 aquarum,
985 1828 1142 1909 exceptis
1168 1827 1246 1891 istis

190 1924 315 2002 tribus,
352 1925 584 2008 expeditione,
619 1927 736 2008 pontis
777 1928 911 1991 arcisue
952 1927 1245 1991 coaedificatione.

191 2022 298 2088 Hanc
314 2043 398 2088 uero
415 2045 526 2089 meam
541 2025 762 2090 donationem
783 2027 1015 2091 minuentibus
1030 2035 1136 2110 atque
1152 2027 1246 2090 fran-

190 2124 364 2205 gentibus
380 2125 442 2189 dat
458 2146 540 2208 pars
563 2145 679 2190 eorum
703 2146 781 2190 cum
803 2126 872 2189 illis
889 2125 1073 2210 dequibus
1092 2135 1246 2191 econtra

191 2222 296 2300 fatur,
312 2231 321 2259 ‘
336 2224 512 2290 Discedite
540 2245 562 2289 a
585 2245 640 2290 me
665 2225 840 2290 maledicti
864 2225 899 2289 in
927 2227 1041 2308 ignem
1069 2234 1245 2291 aeternum

190 2325 250 2406 qui
268 2333 412 2408 paratus
428 2332 482 2388 est
497 2325 673 2390 Sathanae
689 2334 724 2390 et
736 2326 943 2390 satellitibus
957 2322 1053 2403 eius)
1066 2326 1132 2391 nisi
1149 2328 1245 2409 prius

191 2424 297 2506 digna
319 2424 555 2489 satisfactione
590 2425 654 2490 deo
682 2427 897 2508 poenitentia
921 2425 1025 2508 legali
1054 2427 1246 2491 emendent.

189 2523 274 2588 Istis
300 2525 455 2589 terminis
484 2524 662 2608 praedicta
691 2534 783 2590 terra
809 2526 1064 2608 circumgyrato
1095 2546 1170 2591 esse
1192 2527 1245 2589 ui·

188 2624 301 2689 detur.
354 2624 473 2688 AErest
495 2625 536 2688 of
547 2617 764 2689 Hirandrine
788 2645 883 2706 wege
911 2631 1026 2690 bonne
1055 2626 1106 2690 hit
1135 2629 1246 2692 secas

189 2743 234 2788 on
262 2723 505 2788 Middelbdema
549 2714 701 2806 gemffira
743 2745 789 2790 on
826 2716 1041 2807 Suttfininga
1073 2727 1169 2801 lace;
1210 2726 1250 2789 os

189 2814 405 2906 Suttiininga
430 2824 506 2888 lace
530 2845 576 2889 on
592 2815 774 2907 Letifsiges
796 2814 948 2905 gemaera
973 2846 1018 2890 on
1034 2832 1082 2890 ba
1098 2825 1245 2889 bnottan

190 2915 272 2998 dim
295 2924 337 2989 of
345 2914 441 2990 diere
456 2924 603 2988 bnottan
618 2915 677 2988 dic
692 2945 737 2988 on
754 2925 905 2989 brembel
916 2930 997 3010 born
1010 2945 1019 3004 3
1043 2925 1084 2989 os
1094 2925 1245 2989 brembel

190 3027 293 3109 borne
317 3042 363 3088 on
381 3024 580 3107 Hengestes
606 3032 709 3106 geat;
738 3024 779 3089 of
799 3025 974 3089 Hencstes
1002 3031 1104 3106 geate
1128 3043 1174 3087 on
1199 3031 1247 3089 aa

188 3124 315 3189 ealdan
332 3115 430 3189 dime
450 3116 489 3190 to
507 3123 739 3189 Brihtwoldcs
761 3114 934 3207 gemam
963 3124 1003 3188 of
1014 3124 1245 3188 Brihtwoldes

190 3213 343 3308 gemaera
367 3224 427 3288 aest
448 3245 495 3289 on
512 3222 737 3288 Hirandfine.
790 3221 894 3288 Anno
921 3223 1112 3288 dominicae
1132 3225 1245 3288 incar·

188 3324 339 3389 nationis
357 3341 642 3391 ,nccccnxxxu
661 3325 792 3406 scripta
809 3331 863 3388 est
879 3323 963 3387 haee
979 3325 1125 3400 cartula,
1137 3324 1244 3388 indic·

189 3425 285 3488 tione
309 3441 403 3488 .x111.
427 3423 481 3489 bis
502 3424 649 3488 testibus
667 3424 962 3488 consentientibus
987 3443 1132 3506 quorum
1159 3425 1245 3489 inse·

188 3524 263 3587 rius
279 3524 421 3588 nomina
437 3531 678 3587 carraxantur.

241 3625 284 3705 ›1‹
306 3622 383 3705 Ego
401 3623 608 3688 AEbelredus
624 3643 688 3687 rex
703 3621 896 3704 Anglorum
921 3621 1024 3684 huius
1050 3621 1245 3686 donationis

187 3724 384 3787 libertatem
406 3724 504 3805 regni
527 3723 635 3788 totius
660 3722 838 3803 fastigium
863 3730 984 3786 tenens
1000 3721 1147 3785 libenter
1162 3742 1244 3787 con·

188 3824 289 3887 cessi.
361 3825 402 3905 ›1‹
424 3823 500 3904 Ego
525 3822 731 3888 Dunstanus
755 3821 1031 3887 Dorouernensis
1058 3821 1246 3886 aecclesiae

187 3921 470 4006 archiepiscopus
493 3942 573 3986 oum
592 3924 694 4004 signo
714 3930 856 3986 sanctae
878 3921 990 3985 crucis
1013 3923 1244 3985 corroboraui.

191 4025 232 4105 »Β
254 4022 330 4104 Ego
349 4021 534 4086 Oswoldus
553 4021 782 4087 Eboracensis
807 4022 993 4086 aecclesiae
1020 4019 1248 4103 archiepisco-

186 4142 252 4204 pus
284 4122 398 4186 crucis
433 4128 588 4187 taumate
620 4124 798 4187 adnotaui.
880 4123 919 4202 >1⁴
947 4119 1024 4202 Ego
1051 4119 1246 4262 AElsgtanus

1099 4227 1113 4261 Ρ
