2858 4890
181 349 246 414 122
433 365 607 415 cunurnn
630 367 974 417 sncnosnxorucnn.

186 524 226 604 ›1‹
244 521 321 604 Ego
334 522 507 606 ·wynsigc
518 541 525 558 ·
538 520 598 610 e'ps
609 525 834 590 consolidaui·
854 528 894 609 ›1‹
907 525 983 608 Ego
993 543 1115 608 'osgar
1125 547 1133 562 ·
1143 527 1206 590 ab·

189 725 228 806 ›1‹
245 722 340 804 Ego·
354 722 450 808 apuli
458 741 466 758 ·
480 720 539 811 eps
557 723 730 806 adquieui·
851 727 975 810 »14Ego
987 625 1176 812 blelelgar·

186 923 226 1003 ›1‹
242 920 319 1003 Ego
331 943 338 958 ·
349 923 516 1006 sydeman
528 942 536 958 ·
547 921 607 1011 eps
619 925 810 991 adfirmaui·
847 930 887 1010 ›1‹
903 827 1126 1009 Egoallgadm·
1139 929 1202 992 ab·

187 1128 226 1208 ›1‹
244 1121 512 1206 Ego·aelfbere·
525 1124 608 1189 dux·
768 1128 807 1209 ›1‹
825 1124 901 1207 Ego
914 1144 922 1161 ·
934 1028 1066 1210 sellsige
1077 1144 1087 1161 ·
1098 1121 1173 1190 mil·

188 1228 227 1309 ιχ(
245 1224 340 1307 Ego·
355 1223 527 1309 aepelwine
539 1243 548 1260 ·
561 1226 646 1290 dux·
765 1228 805 1308 ›1‹
823 1226 919 1307 Ego·
933 1228 1101 1312 aepelmaer
1116 1222 1209 1291 ·mii·

187 1328 227 1408 »χι
247 1324 343 1408 Ego·
355 1324 471 1388 oslac·
485 1325 568 1388 dux·
765 1328 804 1408 ›1‹
820 1325 916 1408 Ego·
929 1328 1085 1392 wulfric·
1098 1321 1172 1391 mil·

187 1428 227 1508 »χι
246 1424 323 1508 Ego
334 1447 341 1460 ·
353 1424 523 1510 byrhtnop
535 1443 543 1460 ·
554 1426 637 1490 dux·
766 1429 805 1509 ›1‹
822 1426 918 1508 Ego·
931 1429 1089 1514 abelsige
1102 1449 1110 1464 ·
1124 1422 1199 1492 mii·

188 1527 227 1607 ›1‹
244 1524 322 1608 Ego
334 1545 342 1562 ·
354 1524 527 1590 aelfweard
540 1544 548 1561 ·
562 1520 636 1590 mii·
769 1529 809 1609 ›1‹
829 1526 920 1609 Ego·
931 1522 1238 1615 aepelweardmi‘i·

187 1627 227 1707 ›1‹
244 1625 321 1707 Ego
335 1647 342 1661 ·
355 1626 572 1710 aebelweard·
592 1619 666 1690 mii·
768 1629 808 1710 ›1‹
828 1627 905 1709 Ego
917 1648 926 1665 ·
939 1629 1115 1714 byrhtferb
1127 1623 1225 1693 ,mst-

181 1725 294 1790 Dorso.
317 1728 357 1808 ›1‹
375 1727 425 1810 bis
447 1726 477 1789 is
498 1729 580 1811 bara
596 1743 662 1790 ⁶111·
686 1726 769 1792 bida
791 1728 856 1792 boc
877 1731 916 1813 be
933 1730 1064 1812 eadgar
1079 1731 1161 1811 cing
1177 1749 1240 1812 ge·

232 1826 364 1891 bocode
386 1826 572 1911 abelwolde
595 1829 754 1910 bisceope
779 1848 825 1893 on
856 1828 916 1893 ece
942 1831 1016 1914 yrse
1039 1837 1086 1895 act
1110 1831 1240 1894 madan

232 1926 334 2008 liege.

573 2224 848 2292 DLXXXIX.

552 2342 774 2454 sinsin,
796 2376 874 2442 975.

255 2531 295 2611 »χι
323 2526 433 2592 Aurio
469 2528 513 2592 ab
545 2528 782 2592 incarnatione
819 2527 949 2592 domini
981 2530 1091 2593 nostri
1130 2530 1237 2596 Ihesn
1324 2588 1326 2593 .

186 2629 316 2694 Christi
334 2645 600 2693 mccccmXXV.
624 2627 701 2709 Ego
727 2628 879 2710 Eadgar,
907 2629 1141 2694 allubescente
1172 2633 1238 2696 deo

109 2732 113 2737 ’
184 2751 248 2794 rex
275 2737 311 2794 et
335 2729 573 2812 primicherius
604 2729 713 2792 totius
744 2727 916 2807 Albionis,
941 2730 1030 2793 ruris
1063 2732 1248 2813 quandam.

185 2831 404 2915 particulam,
416 2830 595 2913 quaternis
618 2829 662 2892 ab
679 2829 807 2894 accolis
824 2830 1044 2895 aestimatam
1061 2834 1237 2897 mansiun-

185 2933 285 3009 culis,
299 2932 336 2994 in
363 2931 440 2995 loco
463 2931 523 3013 qui
552 2929 678 2994 dicitur
697 2929 871 2994 Saxonice
893 2939 940 2993 aet
957 2930 1072 3008 Stoce,
1092 2931 1237 2998 liberam

185 3039 324 3115 praeter
354 3051 481 3108 arcem,
521 3037 662 3113 pontem
701 3036 737 3093 et
768 3029 1035 3113 expeditionem,
1067 3031 1238 3099 Oswardo

185 3133 378 3217 propinquo
408 3151 485 3196 meo
507 3130 655 3194 libenter
676 3130 861 3195 admodum
882 3131 919 3194 in
942 3131 997 3196 ius
1019 3140 1238 3214 perpetuum,

186 3235 258 3297 suis
275 3232 479 3296 haeredibus
493 3232 620 3313 quibus
641 3231 791 3295 uoluerit
804 3231 1072 3313 relinquendam,
1090 3233 1238 3316 largitus

186 3351 284 3411 sum3
316 3331 382 3396 hoc
407 3332 622 3415 praecipiens
656 3331 692 3393 in
717 3331 855 3394 nomine
887 3331 993 3396 Ihesn
1026 3331 1170 3413 Christi,
1198 3343 1239 3400 ut

185 3440 383 3497 nostrorum
406 3451 507 3494 nemo
536 3449 786 3509 successorum,
813 3431 978 3514 quamdiu
1004 3432 1089 3496 fides
1117 3436 1246 3517 uigeat-

186 3532 386 3609 christiana,
403 3531 469 3594 hoc
493 3537 650 3594 nostrum
670 3531 845 3597 decretum
867 3533 941 3596 sine
962 3533 1015 3597 ira
1032 3540 1068 3598 et
1083 3532 1238 3600 uindicta

187 3630 431 3714 omnipotentis
447 3631 501 3694 dei
516 3630 702 3712 infringere
717 3639 874 3714 temptet.
923 3631 1027 3711 Quod
1045 3635 1075 3697 si
1091 3637 1239 3719 quisque

186 3731 397 3816 pertinacius
412 3731 693 3815 praesumpserit,
711 3732 776 3797 hoc
798 3733 830 3796 ei
847 3732 903 3796 hic
921 3739 957 3796 et
979 3733 1016 3795 in
1032 3742 1238 3816 perpetuum

186 3833 293 3898 iudex
318 3833 431 3896 iustus
453 3839 488 3896 et
509 3833 710 3896 meritorum
731 3840 934 3915 repensator
952 3833 1037 3899 deus
1059 3835 1239 3902 clanceato

186 3934 425 4016 repensamine
450 3933 583 3997 reddat.
635 3930 793 4014 Antiqua
816 3933 951 3998 cartula
972 3934 1132 3999 incendio
1155 3957 1238 4001 con-

185 4040 337 4117 sumpta,
365 4033 455 4097 hanc
477 4033 646 4096 nouitatis
674 4033 850 4097 scedulam
882 4035 1077 4117 propinquo
1092 4056 1181 4102 meo
1203 4047 1239 4104 et

185 4134 280 4198 fideli
302 4135 471 4210 ministro,
489 4153 554 4215 ego
571 4133 711 4215 Eadgar
730 4154 792 4197 rex
809 4135 995 4199 rescribere
1016 4134 1113 4200 iussi.
1168 4137 1239 4202 His
