2858 4890
190 366 256 432 234
454 382 626 432 canarno
649 379 990 431 nnocosnxoarcnn.

192 545 310 603 aretur
327 547 363 604 to
383 539 576 621 Pirigtune,
599 540 774 603 etiterum
793 548 955 616 metatur,
970 545 1006 602 et
1020 555 1104 603 suus
1126 537 1248 601 haeres

191 658 308 702 ueram
334 641 521 704 amicitiam
544 641 670 705 babeat
692 661 768 704 cum
792 639 930 705 domino
955 639 1162 715 aecclesiae;
1193 637 1247 700 sin

192 748 319 818 autem,
342 741 388 805 sit
413 748 506 805 terra
528 742 561 804 in
585 747 758 823 potestate
783 741 876 804 illius
907 740 1106 804 aecclesiae.
1163 737 1246 820 Ipse

191 841 295 903 etiam
325 840 506 905 Leofward
534 841 615 905 mibi
643 842 785 906 tradidit
815 841 933 905 decem
968 841 1086 917 libras,
1111 846 1149 903 ut
1181 838 1245 902 sibi

190 960 322 1025 suoque
351 941 490 1005 haeredi
519 961 560 1006 eo
581 943 721 1006 liberius
752 941 991 1024 possideatur3
1026 947 1061 1005 et
1086 958 1180 1003 nunc
1208 939 1244 1001 in

190 1041 436 1124 omnipotentis
454 1043 591 1106 nornine
607 1041 849 1125 praecipiendo
866 1042 1021 1118 obsecro,
1036 1048 1076 1105 ut
1087 1059 1130 1103 ex
1146 1048 1244 1104 utra-

191 1160 258 1223 que
286 1150 386 1231 parte
418 1143 488 1207 ista
514 1143 655 1207 traditio
686 1143 742 1207 uel
769 1142 922 1205 conditio
948 1149 1185 1217 remordetur,
1210 1147 1245 1204 et

189 1228 475 1306 conseruantibus
491 1243 556 1307 boc
572 1242 690 1306 diuina
706 1243 889 1308 clementia
905 1242 1161 1324 multiplicetur.

243 1344 283 1421 ›1‹
302 1342 379 1424 Ego
400 1342 556 1407 Osuuald
582 1343 859 1427 archiepiscopus
885 1341 974 1406 banc
999 1361 1111 1405 meam
1134 1340 1242 1406 dona-

189 1442 316 1506 tionem
336 1444 476 1525 propria
497 1462 598 1507 manu
616 1444 780 1508 confirmo
802 1451 837 1508 et
857 1443 1044 1507 subscribo.
1102 1444 1141 1523 *1⁴
1164 1441 1242 1523 Ego

188 1541 372 1607 AE'delstan
391 1545 579 1629 presbyter.
636 1547 675 1626 *1⁴
693 1545 769 1627 Ego
784 1543 932 1624 AElfsigc
949 1543 1140 1626 presbyter.
1197 1544 1236 1624 ›1‹

188 1643 264 1724 Ego
290 1643 430 1726 Eadgar
454 1646 643 1730 presbyter.
715 1647 754 1726 *1⁴
776 1645 852 1726 Ego
880 1643 1019 1710 Wistan
1050 1645 1240 1727 presbyter.

191 1744 230 1824 ›1‹
250 1744 326 1825 Ego
345 1745 524 1826 AEaelsige
540 1746 731 1827 presbyter.
781 1746 820 1826 ›1‹
843 1745 919 1826 Ego
938 1736 1123 1808 AE’delstan
1145 1763 1241 1826 pres·

185 1842 296 1926 byter.
334 1847 392 1927 -›1‹
410 1846 486 1926 Ego
504 1843 666 1927 Godingc
681 1845 862 1909 diaconus.
919 1846 958 1926 ›1‹
980 1845 1055 1926 Ego
1074 1844 1241 1908 Leofstan

185 1943 361 2010 diaconus
447 1948 486 2028 ›1‹
507 1947 584 2027 Ego
608 1945 801 2012 Wuliward
837 1945 1015 2009 diaconus.
1102 1947 1141 2026 *1⁴
1162 1945 1240 2027 Ego

185 2043 340 2109 AEbelric
368 2045 545 2111 diaconus
602 2049 641 2128 *1⁴
662 2047 739 2128 Ego
762 2042 947 2128 Cynebegn
970 2044 1127 2109 clericus
1195 2047 1234 2127 ›1‹

186 2144 262 2226 Ego
285 2146 446 2228 Wulfgar
479 2147 633 2210 clericus.
711 2148 750 2228 ›1‹
774 2147 851 2228 Ego
874 2144 1049 2209 Leofwinc
1082 2145 1239 2209 clericus.

189 2245 228 2325 ›1‹
249 2245 326 2327 Ego
341 2245 463 2329 Oswig
476 2247 631 2312 clericus.
688 2248 727 2328 ›1‹
743 2247 818 2328 Ego
828 2246 976 2311 Wulsric
988 2246 1144 2309 clericus.
1195 2248 1234 2327 *1⁴

186 2344 262 2426 Ego
278 2346 446 2412 Wulfnob
465 2347 622 2439 clericus.
672 2348 711 2428 ›1‹
731 2348 807 2429 Ego
825 2345 1014 2412 Wulfwine
1028 2346 1186 2412 clericus.

647 2524 768 2535 —.—.

617 2643 813 2708 DCLXII.

533 2792 794 2871 AEDELRED,
815 2793 892 2862 988.

236 2943 275 3023 ›1‹
295 2941 339 3005 In
364 2942 501 3006 nomine
527 2942 581 3006 dei
605 2943 755 3008 excelsi!
809 2943 1008 3007 Transeunt
1033 2943 1123 3006 enim
1149 2952 1237 3009 tem-

181 3060 268 3123 pora
294 3043 487 3124 praesentis
516 3043 611 3106 uitae
645 3050 680 3108 et
709 3043 744 3106 in
776 3044 960 3108 uelocitate
993 3043 1171 3122 deficiunt,
1204 3053 1238 3111 et

182 3142 283 3224 quasi
304 3143 426 3206 umbra
441 3143 595 3207 uolatilis
612 3143 685 3206 dies
702 3144 853 3225 fugiunt,
869 3151 905 3208 et
923 3162 1059 3226 semper
1075 3144 1120 3207 ad
1144 3165 1237 3210 mor·

181 3247 250 3304 tem
279 3241 468 3306 festinant:
508 3244 654 3327 ideoque
688 3241 893 3308 atramento
911 3262 1117 3307 caraxamus
1146 3265 1237 3327 quae

181 3347 274 3405 stare
291 3342 435 3406 firmiter
448 3350 610 3425 optamus
628 3343 672 3408 ad
690 3344 889 3408 euitandum
907 3343 1139 3426 periculosam
1156 3365 1236 3409 con-

181 3441 369 3507 tentionem
396 3442 572 3507 bominum
595 3433 837 3526 malignorum,
859 3463 903 3506 ne
926 3461 949 3507 a
969 3442 1118 3526 posteris
1140 3444 1236 3509 fran-

181 3550 309 3622 gantur
334 3544 486 3625 priorum
509 3542 658 3608 decreta.
711 3544 796 3608 Ideo
819 3563 884 3624 ego
900 3542 1104 3607 AEbelrcdus
1127 3545 1236 3608 totius

181 3638 341 3704 Albionis
370 3642 522 3704 basileus
549 3643 698 3726 aliquam
727 3644 860 3708 telluris
890 3653 1024 3727 partem
1046 3643 1131 3706 iuris
1155 3647 1235 3723 mei,

180 3739 273 3803 fideli
288 3741 443 3806 ministro
457 3761 534 3806 meo
552 3741 775 3808 Norbmanno
797 3763 875 3808 cum
893 3762 1062 3807 consensu
1080 3763 1234 3808 meorum

181 3838 331 3904 fidelium
349 3843 660 3925 satrapum,libens
676 3843 890 3920 condonabo,
906 3841 941 3906 id
958 3851 1012 3907 est
1031 3861 1076 3907 Ν.
1092 3864 1234 3909 manen·

181 3938 266 4003 tium
286 3941 322 4003 in
344 3941 420 4007 loco
438 3942 498 4006 illo
516 3943 574 4006 ubi
594 3943 639 4006 ab
657 3943 778 4008 incolis
797 3943 1033 4008 babitantibus
1053 3943 1234 4010 Heamtun

180 4041 387 4120 nominatur,
414 4049 453 4106 ut
477 4042 604 4107 babeat
632 4049 668 4108 et
695 4045 872 4127 possideat
897 4059 976 4108 cum
997 4044 1163 4108 omnibus
1190 4048 1233 4111 ad

180 4140 321 4205 eandem
361 4153 487 4207 terram
525 4144 590 4208 rite
629 4145 879 4227 pertinentibus
909 4143 1073 4226 quamdiu
1111 4146 1230 4227 uiuat;
