2858 4890
180 345 246 409 312
438 359 610 408 calaris
636 358 984 409 auenosuxouroaa.

628 618 802 685 Dcclll.

530 768 796 846 AEDELRED,
821 767 898 834 999.

239 921 278 1002 ›1‹
300 918 506 982 Raounura
532 919 568 983 in
595 926 800 1002 perpetuum
826 918 964 983 domino
994 923 1114 981 nostro
1139 915 1248 980 Ibesu

187 1019 338 1095 Christo,
348 1019 407 1101 qui
424 1019 567 1101 imperio
584 1021 694 1102 patris
711 1024 838 1083 cuncta
854 1017 957 1083 simul
972 1016 1085 1081 sancti
1101 1016 1248 1098 spiritus

186 1120 300 1202 gratia
322 1118 522 1183 uiuificante
538 1120 709 1203 disponit!
762 1118 932 1198 Quamuis
948 1118 1038 1181 enim
1054 1117 1163 1181 uerba
1189 1135 1248 1181 sa·

187 1219 364 1283 cerdotum
378 1225 413 1282 et
424 1219 563 1285 decreta
577 1220 728 1284 iudicum
742 1219 778 1282 in
795 1220 918 1283 robore
932 1217 1105 1282 firmitatis
1113 1217 1251 1298 'iugiter

187 1326 426 1401 perseuerant;
458 1327 612 1384 attamen
634 1340 698 1403 pro
719 1321 853 1384 incerta
878 1319 1072 1382 futurorum
1096 1317 1250 1381 mutabi-

188 1419 287 1484 litate
308 1438 476 1485 annorum
499 1420 793 1504 cyrograpborum
815 1425 1024 1483 testamento
1046 1425 1131 1481 sunt
1149 1417 1251 1481 robo-

188 1520 308 1584 randa.
373 1517 596 1604 Quapropter
622 1539 687 1602 ego
703 1519 881 1596 AEttelred,
901 1520 1010 1583 totius
1028 1517 1251 1582 Brittanniae

188 1620 351 1696 basileus,
384 1608 557 1701 quandam
591 1619 723 1684 telluris
755 1620 961 1704 particulam
984 1635 1059 1682 mv,
1086 1617 1252 1681 uidelicet

190 1725 358 1792 cassatos,
391 1710 468 1784 loco
512 1719 572 1803 qui
615 1721 740 1785 celebri
792 1727 837 1784 aet
872 1720 988 1802 Cyrne
1028 1724 1252 1800 nuncupatur

191 1819 373 1897 uocabulo,
403 1820 541 1884 domino
580 1828 699 1885 nostro
735 1819 841 1884 Ihesu
868 1819 1008 1902 Christo
1040 1826 1253 1901 sanctaeque

192 1921 267 1983 eius
290 1920 477 1985 aecclesiae
494 1922 617 1985 beatae
640 1921 695 1984 dei
715 1919 893 2002 genitricis
911 1920 1059 1996 Mariae,
1075 1919 1136 2001 qui
1160 1918 1253 1982 cele·

176 2018 245 2082 ¹bii
272 2017 491 2085 Abbendona
519 2028 740 2103 nuncupatur
769 2027 942 2097 onomate,
970 2019 1016 2082 ad
1041 2037 1125 2081 usus
1152 2038 1252 2083 mon·

194 2119 357 2184 arborum
374 2121 429 2185 dei
445 2120 531 2185 inibi
546 2121 743 2202 degentium
759 2141 837 2184 cum
853 2120 1012 2185 omnibus
1032 2118 1254 2196 utensilibus,

193 2221 304 2303 pratis
326 2221 498 2299 uidelicet,
521 2221 672 2304 pascuis,
700 2240 938 2304 aquarumque
958 2219 1129 2296 cursibus,
1150 2219 1254 2283 Uuls-

194 2340 279 2403 garo
293 2322 469 2386 obtinente
481 2322 618 2399 abbate,
628 2331 770 2387 aeterna
778 2322 926 2404 largitus
936 2339 1012 2384 sum
1026 2319 1255 2386 haereditate.

194 2421 249 2484 Sit
260 2430 376 2484 autem
391 2421 604 2504 praedictum
622 2441 681 2485 rus
696 2421 789 2485 omni
802 2429 959 2486 terrenae
973 2421 1154 2484 seruitutis
1170 2420 1256 2502 iugo

195 2520 352 2597 liberum,
382 2521 491 2585 tribus
518 2522 694 2604 exceptis,
713 2528 802 2599 rata,
828 2522 1000 2599 uidelicet,
1024 2520 1256 2604 expeditione,

196 2620 311 2702 pontis
328 2621 461 2685 arcisue
477 2623 742 2686 restauratione.
794 2623 860 2686 Est
877 2642 961 2686 sane
982 2621 1141 2705 praefata
1160 2628 1256 2685 terra

198 2719 312 2802 Cyrne
328 2719 371 2783 de
386 2721 456 2785 illis
469 2722 599 2786 uillulis
613 2741 700 2805 quas
714 2722 845 2805 pridem
863 2722 1133 2807 quidam'comes
1147 2723 1256 2786 uocit-

197 2821 310 2885 amine
325 2821 449 2885 AElfric
470 2842 491 2886 a
509 2822 658 2905 quadam
675 2830 836 2887 matrona
852 2822 1155 2890 Eatflaednomine
1175 2821 1257 2886 diri·

198 2922 282 3005 puit‚
307 2929 342 2985 et
364 2920 429 2985 sibi
451 2923 487 2985 in
509 2924 684 3005 propriam
709 2923 958 2988 haereditatem
979 2923 1184 3004 usurpauit;
1216 2943 1256 2987 ac

197 3021 319 3085 deinde
342 3029 535 3105 temporum
558 3024 717 3087 uariante
731 3024 826 3100 uice,
852 3043 958 3088 necne
978 3021 1170 3102 instigante
1196 3021 1257 3085 hu-

199 3123 290 3185 mani
306 3123 441 3202 generis
463 3123 722 3205 peruersissimo
743 3130 951 3206 temptatore
968 3121 1118 3198 diabolo,
1135 3134 1259 3186 contra

199 3221 301 3284 deum
326 3241 509 3305 meumque
544 3223 662 3304 regale
691 3223 873 3306 imperium
898 3223 1008 3288 multa
1036 3228 1072 3286 et
1099 3221 1259 3287 inaudita

199 3321 440 3385 miserabiliter
455 3324 673 3387 committens
688 3323 838 3406 piacula,
854 3326 1105 3407 episcoporum,
1117 3322 1258 3400 ducum,

200 3420 421 3502 omniumque
451 3422 552 3486 buius
586 3423 685 3505 regni
712 3425 930 3507 optimatum,
954 3423 1117 3487 unanimo
1152 3421 1259 3504 legali

201 3518 345 3583 consilio
373 3523 648 3605 aequissimoque
679 3523 818 3602 iudicio,
846 3525 883 3587 in
914 3524 999 3588 uilla
1017 3522 1136 3604 regia,
1166 3542 1259 3606 quae

201 3617 353 3701 Anglica
376 3621 609 3702 appellatione
632 3622 869 3689 Cirneceastre
899 3624 1036 3700 dicitur,
1054 3623 1131 3705 ipso
1153 3629 1261 3687 extra

200 3719 349 3802 patriam
376 3719 575 3785 inexilium
599 3722 749 3800 addicto,
771 3727 841 3788 non
870 3724 981 3788 solum
1008 3724 1091 3788 illae
1120 3742 1211 3804 quas
1238 3745 1261 3788 a

132 3894 134 3899 ,
200 3820 357 3902 praefata
372 3821 520 3884 muliere
530 3824 711 3899 abstraxit,
727 3824 788 3887 sed
805 3833 840 3889 et
856 3831 1013 3889 caeterae
1031 3842 1152 3886 omnes
1169 3843 1258 3906 quas

197 3920 273 3987 iure
290 3921 490 4004 possidebat
503 3921 745 4000 haereditario,
763 3925 883 3988 sibiae
900 3925 994 3989 omni
1010 3943 1094 3988 suae
1112 3925 1260 4006 posteri·

204 4022 268 4086 tati
314 4021 515 4087 interdictae
556 4023 707 4102 fuerunt,
744 4024 895 4110 mihique
927 4026 964 4089 in
994 4024 1170 4108 proprium
1206 4025 1260 4091 ius
