2858 4890
360 361 534 409 cnanrnr
559 360 902 411 nnccosnxourcsn.
1093 345 1158 408 145

98 515 333 580 consolidauit
359 516 505 581 cartula.
558 515 711 595 Quidam
738 517 925 599 aliquando
956 517 1155 598 praedictae

101 615 259 697 pontifex
277 616 441 680 basilicae
463 636 483 680 a
507 618 598 681 notis
622 617 810 681 Deuewuls
828 624 1060 698 nuncupatus,
1081 620 1153 680 cui·

101 713 185 778 dam
206 716 477 798 propinquorum
503 734 644 779 suorum
668 716 802 780 AElfred
828 717 992 791 uocitat0,
1012 725 1155 780 eatenus

104 833 184 876 cum
201 834 371 879 consensu
398 815 673 879 aecclesiasticae
692 816 842 878 familiae
867 816 1154 892 accommodauit,

105 921 148 977 ut
169 915 271 978 aunis
299 915 446 996 singulis
472 933 612 978 censum
640 915 750 978 tocius
772 914 905 978 telluris
933 915 1007 977 uita
1029 917 1154 979 comite

106 1014 174 1077 rite
189 1014 422 1096 persolueret:
449 1014 479 1077 is
496 1014 652 1095 equidem
670 1015 836 1096 insipieus
861 1013 1061 1077 adulterans
1079 1025 1154 1079 stu-

105 1115 403 1196 prum,propriam
413 1113 573 1194 religiose
584 1121 759 1196 pactatam
775 1114 989 1189 abominans,
1000 1122 1152 1178 scortum

108 1212 268 1293 diligens,
291 1212 472 1277 libidinose
491 1213 673 1276 commisit.
726 1212 806 1291 Quo
831 1220 929 1276 reatu
955 1214 1048 1275 omni
1071 1216 1153 1277 sub-

107 1313 239 1375 stantia
265 1312 424 1395 peculiali
447 1320 539 1376 recte
565 1313 722 1394 priuatus
744 1320 809 1387 est,
828 1321 863 1374 et
880 1311 1070 1394 praefatum
1094 1333 1153 1376 rus

107 1413 154 1474 ab
169 1431 211 1475 eo
223 1413 435 1476 abstractum
452 1431 513 1475 rex
531 1410 633 1474 huius
648 1411 781 1493 patriae
796 1431 879 1475 suae
890 1411 1013 1475 ditioni
1030 1413 1153 1475 auidus

108 1511 270 1574 deuenire
286 1512 414 1575 iniuste
429 1512 584 1594 optauit:
616 1512 713 1575 cuius
742 1509 901 1575 auiditati
929 1511 1065 1593 praesul
1095 1532 1153 1574 su·

108 1610 288 1692 pradictus
319 1611 458 1674 minime
484 1611 714 1687 consentiens,
742 1612 834 1675 datis
863 1619 1001 1674 centum
1031 1612 1154 1691 uiginti

110 1711 188 1773 auri
204 1711 388 1787 mancusis,
398 1711 606 1792 praedictam
623 1711 779 1774 tellurem
795 1710 839 1773 ad
859 1730 940 1773 usus
957 1711 1154 1792 praesulum

111 1809 354 1873 satisfaciendo
366 1809 554 1873 aecclesiae
564 1809 619 1873 dei
634 1811 803 1874 restituit:
821 1810 1025 1873 succedente
1036 1811 1155 1890 itaque

110 1916 265 1989 tempore
292 1908 481 1991 supradicti
506 1909 653 1973 adulteri
681 1917 716 1973 et
743 1909 901 1973 scelerati
931 1908 1034 1983 filius,
1067 1908 1155 1972 salso

111 2008 230 2071 diceus
242 2027 317 2073 esse
332 2009 397 2072 sibi
410 2009 577 2085 naturale,
587 2029 650 2072 suo
665 2009 792 2072 iniuste
805 2009 989 2071 subiiciens
1006 2008 1156 2070 dominio

113 2109 159 2171 ab
184 2107 350 2171 aecclesia
377 2108 432 2172 dei
456 2115 762 2190 praesumptuosus
783 2109 941 2190 arripuit,
966 2107 1157 2170 haeredita·

114 2207 269 2289 uiamque
283 2208 450 2272 cartulam
466 2209 566 2271 nouis
579 2208 770 2272 litterarum
789 2209 956 2290 apicibus,
974 2227 1055 2288 rege
1066 2207 1157 2270 Ead-

113 2307 197 2370 redo
221 2325 298 2370 cum
321 2307 454 2370 animae
475 2326 559 2371 suae
583 2307 818 2371 consentiente
840 2307 1005 2389 periculo,
1020 2307 1158 2370 daemo-

115 2406 170 2468 nis
185 2406 351 2470 instinctu
366 2406 553 2470 fascinatus
565 2407 682 2471 edidit.
728 2406 827 2485 Quae
842 2407 950 2487 igitur
966 2407 1109 2481 cartula
1123 2414 1158 2470 et

115 2505 310 2587 omnesqui
333 2505 365 2569 ei
388 2524 475 2569 ausu
505 2506 742 2570 consenserint
764 2507 945 2569 temerario
968 2506 1004 2568 in
1028 2506 1157 2569 domini

116 2604 355 2669 maledictione
374 2611 609 2687 permaneant,
635 2613 673 2669 ut
697 2605 792 2669 nullo
817 2625 980 2687 umquam
1004 2613 1159 2686 tempore

10 2756 13 2763 ,
115 2704 160 2767 ad
181 2702 332 2785 aliquam
360 2704 543 2768 utilitatem
573 2706 762 2786 perueniat.
817 2704 929 2767 Uetus
956 2723 1101 2785 namque
1124 2710 1159 2767 ct

114 2803 200 2867 haec
215 2822 306 2866 uoua
324 2822 427 2885 quam
447 2804 537 2866 edidi
554 2804 688 2868 cartula
709 2804 837 2884 iugiter
850 2802 978 2868 Christi
992 2805 1157 2866 omniurn-

115 2922 184 2984 que
200 2901 325 2965 iudicio
348 2901 499 2965 fidelium
517 2903 698 2967 incolumis
720 2903 941 2985 praeualeat3
964 2902 1160 2966 adulterina

115 3021 221 3084 quam
239 3001 395 3084 praedixi
412 3003 545 3065 cartula
567 3011 708 3066 aeterua
722 3003 967 3084 dampnatione
984 3001 1028 3064 ad
1052 2999 1160 3062 nichi-

114 3101 185 3164 lum
203 3101 356 3176 redacta,
370 3107 406 3164 et
419 3101 669 3183 imperpetuum
686 3101 988 3165 anathematizata.
1029 3100 1066 3163 Si
1082 3100 1160 3181 quis

115 3200 224 3281 igitur
238 3199 326 3264 hanc
351 3206 505 3264 nostram
522 3201 716 3282 largifluam
741 3221 867 3282 augere
888 3200 1036 3263 uoluerit
1052 3198 1160 3262 dona·

118 3300 261 3376 tionem,
274 3306 403 3380 augeat
413 3299 487 3362 eius
498 3299 656 3363 dominus
668 3307 703 3363 et
716 3300 823 3363 uitam
838 3307 873 3362 et
886 3298 1162 3381 prosperitatem,

119 3397 176 3461 bic
195 3399 282 3462 etin
303 3397 439 3463 futuro:
464 3399 522 3481 qui
546 3408 661 3463 autem
683 3399 901 3463 lenocinante
917 3398 1053 3462 diabolo
1070 3396 1162 3459 fastu

118 3496 300 3579 superbiae
322 3497 476 3574 inflatus,
498 3505 617 3562 nostra
643 3499 773 3561 uiolare
798 3497 854 3561 uel
882 3498 1033 3560 minuere
1063 3515 1162 3578 prae-

119 3596 305 3678 sumpserit
320 3601 464 3673 statuta,
482 3597 517 3659 in
534 3597 664 3660 domini
688 3597 929 3661 maledictione
952 3603 1162 3677 permaneat,

118 3703 154 3759 et
177 3702 362 3758 assuetae
393 3694 447 3758 dei
476 3696 663 3760 aecclesiae
693 3696 867 3759 consortio
897 3704 1163 3775 sanctorumque

95 3812 97 3816 ⁴
119 3795 271 3858 omnium
288 3795 512 3859 contubernio
530 3796 698 3877 priuatus,
716 3803 856 3859 aeterua
876 3794 1030 3857 misellus
1045 3794 1165 3873 damp-

118 3901 221 3957 netur
237 3893 387 3970 miseria,
409 3893 476 3956 uisi
493 3895 697 3975 resipiscens
715 3893 958 3957 satisfaciendo
975 3892 1165 3956 restituerit

119 3991 211 4075 quod
229 3991 265 4055 iu
283 3993 411 4056 domini
427 3994 644 4075 possessione
660 3994 790 4058 uiolare
808 3993 1051 4074 praesumpsit.

169 4203 255 4250 ΤΟΜ.
275 4202 328 4251 lll.
997 4203 1018 4246 1.
