2858 4890
435 402 608 450 cnnnrnn
630 403 970 453 nnenossxonrcsn.
1169 388 1231 450 101

182 557 225 620 ad
240 557 309 622 loci
322 559 496 624 munimen
512 568 547 625 et
563 569 787 643 augmentum
802 561 855 625 uti
870 579 945 624 mos
961 567 1132 643 estsuper
1149 580 1229 643 pas·

181 663 290 722 torem
312 666 349 723 et
362 658 493 725 Christi
515 679 668 743 gregem,
686 661 875 726 dominium
895 661 1022 726 solenti
1047 660 1230 743 uigilantia

180 759 448 825 misericorditer
473 760 659 826 custodiat.
711 761 948 825 Saecularium
964 781 1048 825 uero
1074 781 1137 825 nec
1155 763 1228 843 epi-

181 876 365 942 scoparum
394 861 565 944 quispiam
591 881 635 925 nc
657 862 701 925 ad
725 861 844 943 magni
868 860 1065 925 detrimenti
1093 862 1226 925 ruinam

181 958 354 1038 deueniat,
371 967 412 1025 ut
428 961 617 1026 dominium
638 962 706 1026 loci
723 968 840 1026 teneat
855 970 1003 1045 excepto
1027 982 1108 1044 rege
1128 982 1227 1025 num-

183 1079 288 1142 quam
302 1061 463 1142 eligatur.
497 1062 587 1126 Sunt
598 1062 724 1126 etenim
735 1083 817 1126 rura
832 1061 918 1126 haec
935 1080 1056 1144 quaea
1070 1062 1228 1144 praefato

182 1180 262 1242 rege
280 1168 317 1225 et
333 1161 472 1226 diuinae
488 1163 668 1227 seruitutis
684 1163 861 1245 obsequio,
878 1182 954 1226 cum
972 1181 1099 1243 magna
1115 1161 1227 1227 humi·

184 1261 283 1326 litate
302 1260 465 1340 obtinuit,
482 1271 518 1326 et
534 1282 619 1328 auro
644 1273 858 1347 argentoque
874 1281 943 1326 non
966 1262 1076 1325 solum
1096 1282 1118 1326 a
1134 1283 1228 1345 rege,

181 1362 240 1425 sed
255 1363 362 1427 etiam
378 1381 401 1425 a
414 1363 562 1427 diuersis
577 1363 752 1428 hominnm
773 1364 931 1446 personis
951 1367 1178 1446 comparauit,
1193 1372 1228 1428 et

181 1462 217 1524 in
254 1464 402 1527 exordio
440 1464 579 1529 domino
613 1472 732 1528 nostro
765 1464 872 1528 lhesu
905 1462 1046 1528 Christo
1085 1465 1226 1547 eiusque

181 1563 342 1643 genitrici
375 1583 580 1647 semperque
611 1564 739 1646 uirgini
770 1564 918 1642 Mariae,
955 1584 1089 1628 necnon
1123 1567 1226 1630 beato

181 1661 289 1727 Petro
304 1664 538 1747 apostolorum
555 1664 703 1747 principi
718 1665 763 1728 ad
779 1685 863 1728 usus
880 1665 1125 1730 monachorum
1143 1666 1226 1729 inibi

182 1765 246 1827 sub
273 1765 397 1847 regula
423 1766 561 1848 patroni
580 1767 690 1830 nostri
714 1766 808 1830 beati
825 1765 1004 1829 Benedicti
1027 1766 1224 1847 degentium

181 1864 323 1929 aeterno
341 1867 512 1930 concessit
529 1865 684 1944 donario,
701 1867 737 1929 id
754 1866 1002 1946 est,Witlesig,
1018 1865 1227 1942 Niwantun,

181 1964 380 2043 Widestun,
416 1964 611 2030 Geakeslea
642 1974 678 2030 et
709 1973 792 2031 o'eer
821 1965 1029 2042 Geakeslea,
1064 1966 1227 2029 Fearres-

181 2064 320 2143 heafod,
358 2066 540 2143 Bearuwe,
571 2066 805 2147 Tealfolscet;
839 2068 926 2133 duas
956 2086 1097 2130 mansas
1127 2068 1228 2130 iuxta

182 2164 436 2245 Huntaudune,
456 2175 492 2231 et
506 2167 786 2232 monasteriolum
809 2175 951 2232 sanctae
973 2167 1108 2231 Mariae
1125 2175 1228 2231 extra

181 2267 346 2349 oppidum
363 2268 558 2331 dedicatum
582 2269 830 2350 supradictum.
883 2268 975 2332 Nam
993 2268 1225 2350 supradictam

181 2366 331 2431 insulam
368 2387 458 2450 quae
480 2368 645 2450 Witlesig
672 2376 903 2451 nuncupatur,
940 2376 1049 2433 totam
1080 2368 1227 2452 pruden-

181 2466 314 2533 tissime
345 2469 530 2552 adquirens
570 2470 644 2532 eius
676 2469 823 2533 mediam
852 2477 985 2551 partem
1018 2489 1039 2532 a
1065 2467 1227 2551 Leossige

181 2568 252 2633 filio
268 2569 427 2651 AElfiges,
442 2590 520 2633 cum
537 2586 612 2634 .xn.
629 2570 713 2633 meri
730 2571 865 2652 argenti
885 2570 994 2647 libris,
1011 2577 1139 2634 etcum
1163 2590 1227 2634 sex

182 2670 313 2734 mansis
345 2677 391 2733 eet
421 2669 607 2751 Brigrasan
641 2670 783 2735 emendo
814 2670 985 2749 obtinnit3
1019 2670 1106 2732 duas
1143 2690 1226 2735 uero

182 2776 300 2852 partes
323 2768 466 2834 alterius
490 2769 697 2846 medietatis,
719 2790 797 2834 cum
820 2771 945 2851 uiginti
973 2769 1069 2834 libris
1085 2789 1107 2832 a
1124 2770 1226 2834 Leos-

183 2871 271 2934 wine
287 2869 359 2935 filio
375 2867 490 2934 Auulfi
507 2870 740 2953 comparando
758 2870 962 2953 acquisiuit;
989 2870 1127 2934 tertiam
1142 2890 1226 2934 uero

182 2978 315 3053 partem
332 2970 485 3035 eiusdem
504 2971 699 3035 medietatis
714 2979 749 3035 et
766 2972 853 3035 duas
869 2981 986 3055 partes
1000 2969 1094 3034 illius
1110 2972 1226 3052 stagni

182 3072 275 3155 qnod
290 3071 512 3137 Witlesmere
529 3072 728 3137 nominatur
744 3073 828 3137 emit
844 3073 889 3137 ab
908 3072 1014 3149 Usan,
1035 3079 1071 3134 et
1087 3073 1131 3134 ab
1152 3072 1227 3135 eins

181 3173 327 3237 uterinis
344 3171 509 3237 fratribus
525 3192 603 3237 cum
623 3187 733 3236 mxx.
749 3173 886 3255 argenti
905 3173 1003 3236 libris
1028 3172 1203 3253 purissimi
1217 3193 1226 3251 3

181 3272 243 3337 has
259 3280 378 3337 autem
386 3274 531 3355 triginta
540 3272 646 3335 libras
659 3272 836 3354 praefatus
848 3273 946 3336 miles
957 3271 1225 3349 deditHenrico,

182 3380 215 3436 et
227 3373 296 3437 sibi
311 3374 356 3437 ab
371 3392 412 3437 eo
428 3390 487 3435 rus
500 3371 593 3455 quod
608 3372 790 3455 Draegtun
809 3381 1036 3457 nuncupatur,
1056 3393 1132 3436 cum
1151 3373 1229 3454 ipsa

181 3474 318 3556 argenti
346 3472 493 3555 pecunia
517 3491 622 3555 quam
644 3472 696 3535 illi
720 3475 903 3556 episcopus
924 3472 1158 3537 subueniendo
1185 3494 1228 3537 ne

183 3572 452 3658 depopularetur
474 3572 629 3650 dederat,
649 3572 766 3637 multis
785 3593 902 3637 coram
919 3573 1066 3637 testibus
1088 3592 1227 3656 compa-

182 3675 296 3753 rauit;
333 3692 538 3755 rursumque
572 3691 651 3736 cum
684 3672 736 3736 illi
764 3674 947 3737 immutare
979 3673 1108 3738 uellent
1138 3673 1229 3738 hanc

182 3772 601 3850 commutationem,idem
618 3773 802 3856 episcopus
819 3774 887 3836 illis
901 3774 1026 3855 uiginti
1044 3773 1150 3836 libras
1168 3793 1230 3856 ap·

182 3873 301 3956 pendit
323 3872 518 3937 Niwantun
549 3891 571 3936 a
593 3872 744 3955 quodam
778 3873 888 3937 milite
912 3875 973 3957 qui
998 3874 1122 3937 AElsric
1152 3873 1230 3937 Cild

183 3971 561 4039 uocaturdeuotissime
578 3973 689 4056 primo
705 3993 783 4037 cum
798 3974 922 4056 uiginti
938 3974 1047 4052 libris,
1057 3993 1098 4037 ac
1108 3975 1231 4038 deinde

184 4094 258 4139 cum
283 4073 465 4159 praefatus
490 4073 588 4138 miles
610 4073 677 4138 hoc
699 4074 882 4138 immutare
905 4075 1113 4158 disponeret,
1132 4095 1232 4156 prae·

181 4172 294 4242 dictus
313 4175 499 4259 episcopus
515 4174 565 4239 illi
581 4174 668 4239 duas
684 4194 823 4239 mansas
841 4184 887 4240 aet
906 4174 1062 4252 Resuan,
1076 4175 1233 4258 duasque
