2858 4890
444 384 616 433 curaris
639 385 979 435 nucuosnxourcnr.
1177 371 1242 436 251

189 544 306 608 abbas.
362 547 402 627 ›1‹
425 543 502 625 Ego
519 543 656 608 Leofric
678 544 797 608 abbas.
866 545 905 626 ›1‹
927 543 1003 626 Ego
1020 543 1163 609 Eadnod
1181 547 1242 609 ab·

187 647 257 708 bas.
318 645 450 727 ›14Ego
464 643 630 707 AElfwerd
653 645 772 708 abhas.
830 646 870 726 ›1‹
889 644 1095 725 EgoAElsric
1114 665 1240 711 comes.

190 744 326 828 &Ego
343 744 513 809 AElfhelm
545 763 670 809 comes.
742 748 781 826 ›1‹
802 744 879 826 Ego
906 744 1083 809 Leoswine
1112 766 1240 811 comcs.

191 846 229 927 ›1‹
246 844 325 927 Ego
337 846 527 910 AEitelmaer
542 843 709 909 minister.
773 845 812 926 ›1‹
832 845 909 926 Ego
924 844 1105 927 Wulsgeat
1123 847 1242 910 minis-

187 954 250 1010 ter.
330 948 370 1028 ›1‹
401 945 477 1027 Ego
504 945 630 1009 Eadric
662 945 829 1010 minister.
918 946 957 1027 ›1‹
979 945 1056 1027 Ego
1079 946 1243 1011 Wulshet

186 1046 351 1110 minister.
408 1048 447 1129 ›1‹
466 1046 543 1128 Ego
560 1045 714 1109 AEttelric
729 1045 893 1108 minister.
958 1046 998 1126 ›1‹
1022 1046 1098 1127 Ego
1122 1047 1244 1112 AEttel·

186 1145 273 1210 wine
307 1145 472 1210 minister.
556 1146 596 1226 »1⁴
620 1145 695 1228 Ego
715 1144 913 1208 AEselwerd
948 1146 1115 1211 minister.
1197 1150 1237 1230 ›1‹

191 1247 325 1330 ›14Ego
343 1244 525 1311 AEhelstan
549 1246 717 1310 minister.
786 1247 826 1327 ›1‹
848 1245 925 1327 Ego
943 1244 1098 1329 Ulfcytel
1126 1247 1242 1311 minis·

185 1354 248 1412 ter.
315 1348 354 1429 ›1‹
373 1348 450 1431 Ego
476 1345 639 1429 Bryhtric
666 1346 835 1410 minister.
907 1349 946 1427 »Β
970 1345 1045 1427 Ego
1067 1347 1242 1412 Leofwine

186 1448 349 1513 minister.

656 1584 778 1595 ——a

585 1745 847 1811 DCLXXIII.

508 1894 797 1973 *AEDELRED,
827 1896 902 1960 990.

237 2048 278 2130 ›1‹
290 2046 338 2110 ΙΝ
353 2044 519 2128 genitoris
535 2064 576 2109 ac
596 2046 703 2128 prolis
721 2044 871 2128 almique
893 2045 1040 2110 flaminis
1061 2050 1239 2113 onomate!

185 2147 385 2212 Saeuissimi
411 2165 534 2229 nempe
562 2146 695 2210 arbitrii
715 2147 897 2228 ingruente
923 2147 1060 2210 turbine
1081 2167 1122 2211 ac
1147 2147 1242 2213 dirae

185 2247 402 2331 tempestatis
431 2247 613 2312 minitante
646 2246 825 2329 uoragine,
852 2247 1021 2311 luctuosis
1056 2248 1154 2312 nobis
1187 2250 1241 2314 in-

185 2347 418 2432 praecandum
439 2348 641 2430 quaestibus
659 2354 785 2412 cuncta
806 2348 965 2411 librantis
986 2347 1116 2413 Christi
1143 2351 1242 2414 noui-

185 2468 260 2513 mus
288 2448 504 2513 clementiam
530 2446 616 2525 fore,
636 2468 705 2530 quo
731 2449 998 2531 circumquaque
1021 2468 1142 2532 parma
1166 2451 1241 2514 ual-

185 2550 245 2614 lati
280 2549 505 2632 protectionis
542 2548 681 2613 diuinae
710 2548 902 2613 uirulentas
934 2548 1241 2631 Phlegethonticae

186 2651 380 2716 atrocitatis
403 2649 582 2713 ualeamus
603 2649 857 2713 combustiones
885 2649 1032 2714 euadere
1057 2670 1097 2714 ac
1118 2651 1242 2716 Lenia-

187 2751 271 2816 than
288 2750 389 2814 luridi
404 2749 484 2814 theo
501 2756 705 2832 protegente
726 2750 918 2833 phalanges
935 2751 1105 2828 euincere,
1121 2759 1156 2815 et
1172 2751 1241 2816 Pa·

186 2852 377 2918 radisiacae
415 2850 640 2915 contubernio
675 2852 893 2915 amoenitatis
925 2852 1078 2932 adiungi,
1107 2850 1241 2934 florige-

187 2954 303 3036 risque
326 2951 588 3034 tripudiantium
621 2949 751 3016 Christi
786 2958 948 3035 tyronum
987 2971 1244 3033 promereamur

186 3051 356 3119 cubilibus
372 3059 552 3132 gratanter
565 3051 731 3131 adscisci;
752 3051 786 3115 id
802 3071 941 3135 quoque
958 3052 1130 3133 sagaciter
1151 3052 1244 3117 hisce

187 3154 376 3237 gestientes
404 3150 551 3215 modulis
573 3153 771 3234 promereri,
799 3160 839 3217 ut
866 3152 1114 3236 temporalibus
1146 3155 1242 3234 gazis

185 3255 329 3336 inopum
353 3253 534 3335 penuriam
568 3252 811 3335 refrigerantes
843 3254 949 3316 tantis
973 3253 1104 3317 diuitiis
1130 3253 1243 3319 fausta

186 3355 240 3419 uti
278 3354 346 3417 iam
381 3351 655 3435 deprompsimus
687 3372 879 3417 mereamur
916 3352 1069 3416 adunari.
1145 3354 1242 3434 Qua-

186 3461 331 3538 propter
360 3473 426 3534 ego
452 3453 659 3518 AEitelredus
691 3453 843 3518 famosus
872 3454 979 3517 totius
1006 3453 1242 3519 Brittannicae

186 3555 322 3620 insulae
363 3554 561 3637 imperator,
605 3554 741 3618 cuidam
783 3554 908 3618 dilecto
949 3554 1032 3617 mihi
1072 3555 1242 3632 ministro,

188 3654 432 3721 AEiielweardo
446 3654 667 3731 uocitamine‚
686 3655 858 3736 quandam
881 3653 1015 3719 telluris
1037 3656 1242 3737 particulam

188 3757 257 3820 mei
282 3755 379 3832 iuris
401 3756 437 3819 id
464 3761 517 3819 est
540 3771 611 3818 .xv.
628 3755 811 3819 tributaria
840 3754 875 3817 in
908 3774 948 3817 eo
974 3754 1051 3818 loco
1077 3757 1132 3818 cui
1160 3756 1242 3820 soli-

189 3857 286 3922 colae
303 3855 422 3921 scibile
434 3855 614 3920 Wudatun
632 3855 847 3938 appellamen
865 3855 1071 3931 indiderunt,
1088 3856 1123 3918 in
1140 3856 1241 3920 liber·

188 3965 297 4023 tatem
333 3955 490 4020 adscribo
525 3954 801 4032 haereditariam,
836 3964 1006 4038 quatenus
1040 3956 1099 4019 ille
1130 3956 1242 4021 fauste

190 4058 325 4122 fruatur
344 4056 508 4139 quamdiu
534 4055 652 4120 uiuido
677 4056 764 4120 flatu
785 4063 922 4119 artuum
943 4076 1075 4137 organa
1099 4065 1240 4137 regunt-

190 4178 253 4236 ur3
291 4165 327 4223 et
359 4164 438 4239 post
474 4156 576 4220 huius
606 4157 700 4221 uitae
740 4176 918 4221 excessum
952 4157 1142 4238 cuicunque
1175 4157 1240 4220 sibi
