2858 4890
349 380 522 429 cnsnnsn
544 379 888 430 succosxxourcxn.
1090 363 1156 430 287

89 532 218 598 clasiae
247 534 418 617 pontifex,
446 537 553 602 reddo
570 538 758 602 aecclesiae
783 537 912 603 Christi
941 546 977 603 et
1006 538 1152 604 AElfrico

90 633 353 718 archiepiscopo
382 638 669 720 metropolitanae
704 639 795 703 sedis
832 647 958 703 terram
996 639 1038 703 de
1069 638 1151 705 Ris-

89 734 221 816 berghe
247 754 325 799 cnm
356 735 445 801 libro
471 738 623 802 eiusdem
650 747 763 802 terrae
791 759 853 823 pro
881 739 994 803 saluto
1017 738 1152 804 animae

90 854 188 898 meae
202 854 340 916 ;-quam
354 836 515 902 uidelicet
538 845 665 902 terram
684 838 858 921 Sigericus
874 840 1152 921 archiepiscopus

90 934 247 998 eiusdem
262 936 451 1000 aecclesiae
466 937 605 1014 Christi,
620 939 864 1020 praedecessor
879 938 1025 1021 praefati
1041 938 1153 1002 archi·

93 1035 249 1116 episcopi
268 1034 419 1114 AElfrici,
444 1036 539 1100 dedit
565 1037 648 1100 mihi
672 1039 707 1100 in
731 1038 976 1114 uadimonium,
1002 1059 1065 1121 pro
1094 1059 1152 1121 pe·

94 1134 199 1197 cunia
213 1154 317 1217 quam
333 1156 355 1199 a
369 1156 424 1200 me
447 1144 568 1200 mutuo
591 1137 736 1220 accepit.
789 1138 865 1220 Ego
890 1146 1006 1202 autem
1031 1139 1153 1202 timore

92 1233 151 1296 dei
167 1243 396 1316 compunctus
419 1256 481 1320 pro
503 1256 565 1320 spe
587 1237 710 1301 salutis
732 1245 904 1315 aeternae,
921 1245 961 1301 ut
976 1238 1153 1319 praefatus

93 1351 185 1411 snm,
214 1335 357 1399 liberam
388 1355 464 1400 eam
493 1337 599 1402 reddo
630 1337 829 1415 aecclesiae,
859 1337 1034 1418 adquam
1063 1338 1153 1403 inste

94 1434 258 1516 pertinet,
273 1437 317 1499 ab
335 1436 427 1501 omni
443 1437 610 1501 mundiali
625 1438 817 1514 obstaculo,
834 1457 912 1501 cum
930 1439 1089 1501 omnibus
1109 1438 1152 1502 ad

95 1552 135 1597 sa
159 1535 226 1599 rite
251 1537 514 1618 pertinentibus,
537 1539 706 1620 exceptis,
720 1537 951 1619 expeditione,
973 1539 1089 1621 pontis
1117 1546 1153 1602 et

94 1635 187 1699 arcis
208 1636 499 1702 coaedificatione.
551 1638 655 1701 Hanc
687 1656 783 1701 meae
810 1637 991 1702 munificae
1013 1657 1153 1702 conces·

96 1734 206 1799 sionis
232 1735 426 1802 libertatem
454 1745 621 1802 conantes
651 1745 785 1802 mutare
814 1738 870 1803 uel
896 1739 1059 1814 minuere,
1091 1757 1152 1803 sen

95 1835 269 1919 frangere,
303 1836 453 1902 habeant
484 1849 619 1921 partem
652 1857 730 1901 cum
764 1837 830 1902 hiis
856 1839 981 1919 quihus
1014 1837 1151 1915 dicitur,

96 1936 301 2002 ‘Discedite
328 1957 351 2002 a
376 1958 431 2003 me
458 1939 606 2020 operarii
628 1938 822 2020 iniquitatis
844 1938 881 2000 in
906 1938 1022 2018 ignem
1053 1937 1151 2002 flam-

96 2034 299 2115 minomum‚
327 2037 375 2101 ihi
402 2038 468 2102 erit
497 2037 600 2103 fletus
633 2037 812 2102 oculorum
841 2045 876 2101 et
906 2037 1034 2101 stridor
1066 2038 1150 2102 den-

97 2136 209 2213 tium,'
241 2138 309 2201 nisi
339 2138 435 2220 prius
464 2137 571 2220 digna
597 2138 812 2220 poenitentia
842 2145 877 2202 et
907 2137 1011 2218 legali
1046 2140 1150 2202 satis-

97 2235 250 2301 factione
267 2245 349 2302 ante
368 2239 501 2302 exitum
519 2238 709 2319 corporalis
733 2237 827 2302 uitae
850 2237 1034 2319 diligenter
1050 2256 1148 2301 cano

99 2337 176 2401 nice
215 2337 459 2402 emendauerit.
534 2336 639 2402 Anno
674 2337 867 2402 dominicae
904 2338 1151 2401 incarnationis

99 2453 324 2502 .ncccc.xcv‚
345 2438 531 2502 indictione
557 2458 641 2502 uero
659 2454 733 2501 Νη.
751 2458 914 2518 praesens
941 2437 1075 2502 cartula
1096 2457 1152 2502 ca·

98 2544 227 2602 raxata
249 2545 402 2615 notatur,
418 2538 485 2602 hiis
503 2539 663 2613 testibus,
685 2558 830 2620 quorum
849 2538 991 2601 inferius
1013 2539 1151 2602 nomina

99 2639 231 2721 scripta
246 2637 419 2716 uidentur,
436 2638 742 2702 consentientibus

152 2741 194 2822 ᾧ
216 2737 294 2819 ligo
318 2738 524 2803 AE’oelredus
546 2758 609 2803 rex
633 2739 827 2820 Anglorum
853 2737 956 2801 huius
979 2739 1149 2804 libertatis

100 2837 322 2902 donationem
336 2838 495 2902 culminis
509 2840 616 2904 totius
627 2839 779 2918 regimen
795 2840 992 2919 gubernans
1004 2839 1151 2903 libenter

99 2939 266 3002 concessi.
321 2940 363 3019 ›1‹
384 2938 462 3018 Ego
494 2938 623 3003 Siricus
657 2938 932 3003 Dorouemensis
964 2939 1151 3002 aecclesiae

99 3038 378 3121 archiepiscopus
398 3057 477 3101 cum
497 3039 597 3121 signo
615 3049 756 3103 sanctae
778 3039 891 3101 crucis
918 3039 1150 3102 corroborani.

104 3139 143 3220 ᾧ
151 3138 232 3219 Ego
242 3139 436 3221 AElphegus
448 3139 711 3222 Wyntonieusis
723 3138 910 3202 aecclesiae
923 3139 1059 3219 praesul
1071 3158 1150 3203 con-

99 3238 246 3302 firmaui.
303 3241 342 3320 ›1‹
363 3239 440 3320 Ego
452 3239 678 3304 AEselstanus
696 3238 949 3302 Lundoniensis
965 3239 1152 3303 aecclesiae

99 3339 246 3402 antistes
272 3338 497 3403 consolidaui.
555 3341 593 3420 ›1‹
614 3339 691 3421 Ego
714 3339 902 3401 AEscninns
923 3338 1152 3403 Durcestren·

99 3438 146 3501 sis
168 3438 358 3503 aecclesiae
383 3440 540 3521 pontifex
572 3438 790 3502 conlaudani.
865 3439 904 3518 ›1‹
928 3437 1004 3519 Ego
1032 3439 1151 3503 AEifel·

100 3545 221 3602 stanus
251 3538 425 3602 Rouensis
460 3538 647 3602 aecclesiae
675 3538 812 3620 praesul
839 3538 1051 3619 consignaui.
1109 3542 1147 3621 ›1‹

100 3636 175 3718 Ego
206 3635 385 3721 Ordhyrht
417 3637 640 3702 Seolesiensis
680 3638 869 3702 aecclesiae
903 3638 1049 3701 antistes
1087 3638 1151 3702 im-

99 3737 221 3817 pressi.
276 3738 317 3819 ›1‹
337 3737 414 3819 Ego
439 3738 541 3820 Sigar
561 3737 786 3801 Willanensis
808 3735 996 3800 aecclesiae
1018 3737 1153 3818 cpisco-

100 3856 164 3918 pus
196 3836 369 3919 adquieui.
439 3841 479 3919 ›1‹
500 3838 577 3918 Ego
607 3837 773 3901 AElfricus
804 3835 1047 3900 Willtunensis
1077 3856 1152 3900 aec-

100 3936 225 4001 clesiae
249 3938 433 4020 episcopus
448 3937 613 4001 adunaui.
668 3938 706 4017 ›1‹
729 3937 805 4016 Ego
822 3935 1046 4019 AEbelwyard
1067 3936 1151 4000 dux.

104 4037 143 4117 *1⁴
165 4036 243 4119 Ego
257 4036 382 4101 AElfric
410 4036 492 4100 dux.
550 4040 588 4119 ›1‹
610 4037 685 4117 Ego
703 4035 849 4119 Leofsye
871 4038 955 4101 dux.
1013 4037 1053 4115 ›1‹
1076 4035 1152 4117 Ego

102 4135 267 4220 Leofwyn
282 4136 366 4201 dux.
423 4139 463 4216 ›1‹
486 4137 561 4219 Ego
578 4136 713 4219 AElfsye
729 4136 846 4199 abbas.
893 4140 933 4218 ›1‹
954 4135 1030 4216 Ego
1051 4133 1152 4200 Leos-
