2858 4890
440 370 613 421 curaris
635 372 981 422 nnoaosnxorucrr.
1175 357 1241 423 109

182 528 390 612 gregatione
411 529 501 594 alter
515 528 576 613 qui
596 530 723 614 dignus
744 531 791 595 sit
808 531 977 612 eligutur;
1000 531 1140 596 aliunde
1156 551 1240 598 uero

184 630 302 694 nullus
314 631 365 695 ihi
382 629 604 714 praeficiatur
620 631 687 696 nisi
699 630 844 709 nullum,
862 632 955 715 quod
971 633 1076 710 absit,
1093 633 1141 696 ibi
1157 652 1241 696 con-

183 731 304 813 tigerit
329 731 390 814 qui
419 730 545 812 dignus
570 730 634 795 tali
660 730 772 796 officio
804 732 862 808 sit,
889 732 1061 812 inueniri3
1091 732 1182 815 quod
1208 734 1240 798 si

185 832 382 914 contigerit,
414 838 624 913 potestatem
650 831 802 896 habeant
827 832 870 895 de
894 832 964 896 alio
990 840 1075 897 noto
1100 852 1239 897 monas-

187 931 273 997 terio
289 933 450 997 abbatem
468 931 617 1013 eligendi
633 933 731 996 euius
742 932 818 996 uita
832 933 1007 1016 sapientia
1023 939 1058 997 et
1073 933 1240 1015 religione

186 1031 374 1111 clarescat3
405 1030 572 1096 laicorum
594 1040 709 1096 autem
732 1040 794 1095 aut
818 1032 1019 1097 clericorum
1047 1053 1148 1097 nemo
1172 1033 1240 1099 loci

186 1131 280 1196 illius
305 1131 494 1196 dominium
526 1152 695 1215 usurpare
725 1140 936 1215 praesumat.
994 1131 1240 1198 Possessiones

188 1252 270 1297 uero
284 1250 374 1315 quae
388 1232 437 1296 ibi
450 1252 473 1297 a
483 1232 745 1316 quibuscunque
760 1233 911 1297 donatae
927 1240 1022 1311 sunt,
1033 1253 1104 1297 non
1120 1235 1239 1312 abhas,

188 1352 257 1397 non
279 1332 351 1396 aha
372 1332 547 1416 quaelibet
562 1352 712 1416 persona
732 1332 906 1398 licentiam
925 1333 1053 1398 habeat
1068 1334 1239 1399 uendendi

188 1434 365 1497 extraneis
389 1433 447 1497 uel
471 1432 587 1511 dandi,
612 1433 674 1497 sed
700 1453 820 1515 regum
843 1433 1031 1498 munimine
1056 1433 1154 1498 locus
1180 1435 1240 1499 ille

187 1552 325 1616 semper
339 1541 492 1611 tueatur,
512 1534 656 1617 ipseque
679 1534 787 1598 abbas
813 1534 888 1616 regi
909 1533 974 1597 deo
995 1534 1062 1598 soli
1085 1535 1242 1600 seruiens

189 1634 362 1716 spirituali
383 1640 420 1698 et
435 1634 619 1717 temporali
640 1634 861 1698 commissum
883 1634 949 1697 sihi
971 1654 1113 1716 gregem
1134 1643 1239 1719 pastu

189 1732 374 1817 diligenter
394 1732 537 1799 foueat:
571 1733 745 1817 liceatque
769 1735 837 1817 ipsi
859 1736 1122 1816 congregationi
1148 1738 1240 1820 quod

189 1833 254 1898 sihi
283 1854 346 1917 per
371 1840 504 1919 rectam
527 1834 780 1916 delegationem
801 1833 967 1899 collatum
991 1843 1045 1899 est
1071 1846 1240 1920 perpetuo

189 1934 366 2017 possidere
387 1943 422 1999 et
440 1954 503 2018 pro
524 1954 579 1999 me
598 1943 635 1999 et
648 1954 712 2017 pro
727 1935 919 1999 stabilitate
934 1936 1034 2017 regni
1055 1939 1121 2000 mei
1137 1938 1239 2001 deum

190 2035 318 2117 iugiter
351 2054 510 2099 exorare.
570 2033 658 2099 Post
688 2035 790 2099 huius
823 2035 942 2118 itaque
969 2037 1142 2118 priuilegii
1172 2037 1241 2100 mei

190 2134 423 2213 donationem,
438 2136 825 2200 exeommunicauerunt
850 2155 970 2200 omncs
992 2137 1156 2220 episcopi,
1179 2138 1241 2201 ab·

192 2236 303 2313 butes,
318 2236 511 2320 presbyteri
527 2236 586 2319 qui
613 2235 650 2298 in
673 2235 823 2319 plurima
846 2237 1094 2301 numerositate
1120 2236 1240 2301 eodem

191 2334 245 2399 die
267 2335 451 2413 affuerunt,
468 2355 528 2400 eos
545 2336 605 2418 qui
619 2335 685 2399 hoc
701 2337 927 2401 constitutum
942 2336 1167 2418 infringerent
1184 2339 1241 2402 uel

191 2434 334 2519 infringi
350 2437 599 2520 permitterent,
613 2442 783 2518 quantum
800 2437 836 2499 in
855 2438 940 2520 ipsis
956 2444 1057 2500 esset.

242 2536 292 2601 Et
314 2544 355 2601 ut
378 2535 464 2601 haec
489 2536 680 2601 auctoritas
701 2537 787 2625 meis
810 2544 845 2600 ct
866 2537 1059 2601 futurorum
1082 2546 1160 2619 post
1187 2558 1242 2603 me

192 2656 314 2719 regum
334 2637 558 2720 temporibus,
577 2638 670 2701 circa
688 2638 803 2719 ipsum
825 2645 984 2701 sanctum
1007 2637 1120 2702 locum
1143 2638 1241 2704 lirma

193 2738 392 2819 perenniter
413 2745 614 2821 permaneat
640 2745 675 2801 et
698 2736 879 2815 inuiolata,
898 2745 933 2801 et
950 2745 990 2800 ut
1012 2738 1056 2800 ab
1083 2739 1241 2803 omnibus

193 2837 418 2920 optimatibus
454 2838 539 2902 meis
575 2844 611 2901 et
639 2837 809 2901 iudicibus
843 2837 990 2920 priuatis
1030 2844 1065 2900 et
1094 2839 1240 2919 publicis

193 2937 317 3003 melius
330 2944 366 3002 et
383 2938 511 3003 certius
525 2936 707 3016 credatur;
732 2956 856 3001 manus
875 2957 971 3000 meae
987 2938 1242 3019 subscriptione

193 3037 281 3102 hanc
297 3038 467 3103 cartulam
488 3037 609 3122 quinto
625 3036 793 3101 kalendas
804 3037 958 3101 Ianuarii
975 3036 1112 3100 decreui
1140 3041 1241 3103 robo-

193 3157 270 3203 rare
287 3145 324 3203 et
335 3138 443 3220 sigilli
456 3138 524 3201 mei
538 3137 764 3220 impressione
779 3138 1000 3201 communire.

246 3237 624 3321 *1⁴Signumedgari
655 3243 691 3301 et
723 3238 932 3301 serenissimi
954 3233 1150 3317 Anglorum
1176 3239 1241 3301 irn-

193 3338 375 3420 peratoris.
453 3340 492 3420 ›1‹
513 3338 657 3420 Signum
677 3337 841 3401 Edwardi
862 3335 1016 3401 eiusdem
1043 3337 1135 3418 regis
1167 3337 1240 3402 filii.

198 3438 236 3521 *1⁴
251 3438 397 3521 Signum
411 3437 586 3502 AEhelredi
602 3437 721 3502 fratris
736 3438 822 3501 eius,
883 3439 921 3519 ›1‹
943 3437 1020 3519 Ego
1035 3437 1242 3502 Dunstanus

191 3537 467 3603 Dorohernensis
503 3538 783 3622 archiepiscopus
815 3537 1028 3602 confirmaui.
1099 3539 1240 3622 ›14Ego

192 3637 378 3705 aswaldus
429 3638 660 3702 Eboracensis
704 3638 940 3721 archipraesul
1007 3639 1241 3705 corroboraui.

197 3743 237 3823 ›1‹
248 3740 326 3822 Ego
335 3737 531 3803 AElfstunus
540 3738 794 3803 Londoniensis
810 3739 993 3822 episcopus
1014 3737 1241 3805 consolidaui.

197 3844 236 3924 ›1‹
258 3840 337 3922 Ego
351 3837 585 3903 AEhelwoldus
606 3837 857 3903 Wintoniensis
884 3839 1067 3921 episcopus
1090 3858 1242 3904 commo-

192 3940 275 4005 dum
296 3939 394 4003 duxi.
463 3941 504 4021 *1⁴
521 3938 598 4021 Ego
615 3936 797 4002 AElfnohus
815 3938 1025 4002 Dorocensis
1059 3939 1241 4022 episcopus

191 4039 359 4111 conclusi.
413 4041 453 4121 ›1‹
472 4038 548 4119 Ego
559 4037 757 4102 AElfstanus
770 4037 944 4100 Roffensis
962 4039 1145 4121 episcopus
1161 4059 1241 4102 con-

191 4138 358 4223 sigillaui.
427 4141 468 4221 ›1‹
489 4139 566 4222 Ego
584 4138 763 4221 AElfgarus
777 4138 1029 4202 Wintoniensis
1058 4139 1241 4223 episcopus
