2858 4890
454 332 627 414 curasan
653 362 995 411 nucrosnxourcnn.
1186 348 1251 411 147

195 521 255 601 qui
286 541 371 584 uero
402 522 552 586 ciusdem
585 522 756 584 libertatis
791 520 936 602 gloriam
968 520 1101 582 uiolare
1131 521 1249 601 inique

194 623 477 704 praesumpserit,
505 641 527 685 a
548 621 687 685 Christo
718 622 922 703 reprobatus
953 619 1077 682 inferni
1109 620 1247 682 miseria

194 720 372 799 puniatur,
401 722 467 785 nisi
498 720 743 786 satisfaciendo
779 739 817 783 se
853 719 1071 782 humiliatum
1107 738 1246 781 correx-

193 819 280 882 erit.¹

650 1015 795 1080 DCIII.

610 1138 830 1229 uincla.

246 1313 287 1394 ›1‹
309 1311 407 1376 Eccn
436 1311 577 1377 Christo
600 1313 636 1377 in
663 1322 840 1378 aeternum
868 1316 1055 1393 regnante!
1099 1313 1242 1378 Cunctis

190 1411 335 1492 sophiae
361 1412 513 1475 studium
536 1414 671 1478 intento
700 1416 826 1478 mentis
848 1416 1028 1478 conamine
1051 1414 1171 1477 sedulo
1194 1417 1240 1477 ri-

189 1512 366 1574 mantibus
391 1511 523 1594 liquido
537 1515 698 1595 patescit,
715 1514 808 1596 quod
833 1513 935 1577 huius
961 1514 1055 1576 uitae
1080 1514 1240 1596 periculis

188 1610 295 1672 nimio
328 1611 567 1693 ingruentibus
599 1620 728 1677 terrore
761 1613 904 1677 recidiui
934 1613 1101 1676 terminus
1133 1615 1240 1676 cosmi

188 1710 469 1793 appropinquare
490 1711 692 1788 dinoscitur,
709 1721 750 1776 ut
765 1713 916 1777 ueridica
935 1712 1065 1776 Christi
1086 1713 1239 1794 promul·

190 1816 254 1889 gat
270 1810 444 1873 sententia
465 1829 535 1892 qua
554 1812 649 1888 dicit,
674 1811 824 1894 ‘Surget
841 1831 927 1893 gens
944 1819 1066 1875 contra
1088 1820 1238 1892 gentem,

190 1915 226 1970 et
242 1928 387 1989 regnum
403 1908 570 1975 aduersus
585 1910 751 1992 regnum,'
769 1919 804 1975 et
821 1912 965 1993 reliqua.
1004 1910 1237 1988 Quamobrem

189 2026 255 2088 ego
272 2007 414 2090 Eadgar
425 2008 554 2073 Christi
567 2009 764 2074 conserente
777 2012 892 2092 gratia
905 2010 1016 2074 tocius
1034 2010 1237 2073 Britanniae

191 2107 354 2184 basileon,
376 2108 517 2173 domino
542 2118 662 2175 nostro
692 2109 798 2174 Ihesu
831 2108 969 2172 Christo
993 2110 1076 2172 totis
1104 2110 1236 2172 uiribus

190 2213 273 2270 ante
286 2206 395 2270 futuri
411 2216 546 2291 tempus
563 2209 680 2273 iudicii
693 2210 830 2290 placere
842 2208 1051 2284 desiderans,
1062 2208 1235 2289 quandam

190 2305 324 2369 telluris
337 2308 541 2390 particulam
553 2326 625 2373 .xn.
639 2308 800 2372 uidelicet
817 2327 966 2382 mansas,
979 2309 1090 2371 tribus
1100 2308 1136 2369 in
1151 2307 1236 2371 locis

189 2405 379 2489 diremptas
398 2424 476 2472 n.
501 2416 548 2472 aet
566 2407 795 2484 Uierantune,
817 2427 894 2471 cum
922 2407 1012 2470 silua
1035 2415 1081 2470 aet
1097 2407 1236 2471 Tedan-

188 2504 298 2587 leage‚
323 2506 404 2570 hnic
429 2507 500 2570 ruri
527 2509 721 2589 pertinente
745 2524 819 2571 ,xu
850 2514 897 2570 aet
914 2506 1089 2570 Wealtam
1115 2524 1160 2570 .ν.
1190 2517 1235 2570 aet

189 2605 444 2688 Bradanleage,
462 2616 501 2672 nt
526 2626 548 2671 a
571 2607 657 2670 meis
683 2606 811 2670 dudum
827 2606 1046 2689 supradictae
1063 2606 1234 2670 Wintoni-

187 2705 262 2768 ensi
295 2707 459 2770 basilicae
481 2706 690 2770 reuerendae
716 2706 876 2781 trinitati,
900 2706 1041 2786 eiusque
1068 2705 1236 2786 apostolis

188 2803 296 2869 Petro
318 2813 425 2888 atque
452 2806 577 2883 Paulo,
599 2817 738 2869 aeterne
764 2805 928 2884 largitum
951 2805 1075 2880 fuerat,
1097 2805 1148 2867 ita
1170 2803 1234 2866 hac

188 2923 281 2968 nona
297 2906 433 2969 cartula
444 2925 521 2970 cum
534 2924 687 2968 meorum
706 2904 913 2968 auctoritate
926 2923 1104 2985 procerum
1117 2902 1233 2965 AEbel-

186 3003 300 3069 woldo
321 3005 480 3086 praesule
501 3005 678 3069 obtinente
700 3005 913 3080 roboratum,
934 3012 1073 3066 aeterna
1096 3000 1233 3064 humilis

186 3123 317 3167 renouo
333 3104 502 3169 libertate.
555 3103 633 3166 Sint
647 3112 763 3166 autem
785 3103 901 3167 omnia
927 3101 1011 3165 haec
1033 3100 1232 3182 supradicta

186 3221 267 3265 rnra
290 3204 383 3266 omni
406 3211 563 3268 terrenae
590 3203 768 3265 seruitutis
791 3202 874 3282 iugo
901 3200 1021 3275 libera,
1039 3201 1148 3262 tribus
1171 3219 1232 3262 ex-

185 3303 308 3384 ceptis,
330 3309 409 3366 rata
435 3303 595 3367 uidelicet
620 3301 853 3383 expeditione,
885 3302 1001 3381 pontis
1023 3299 1156 3362 arcisue
1179 3320 1232 3362 re-

184 3401 411 3467 stauratione.
451 3403 597 3466 Maneat
607 3400 714 3483 igitur
730 3400 814 3464 haec
829 3408 947 3462 nostra
962 3399 1121 3479 largiflue
1132 3417 1231 3461 reno-

185 3508 270 3565 uata
294 3501 487 3583 dapsilitas,
513 3501 565 3565 uti
589 3499 702 3564 suerat
730 3500 803 3563 fixa
829 3518 890 3581 per
917 3518 1050 3561 aeuum.
1097 3497 1134 3560 Si
1152 3497 1230 3578 quis

184 3599 292 3682 igitur
315 3599 405 3663 hanc
436 3599 623 3665 aecclesiae
646 3601 841 3663 libertatem
872 3598 1003 3661 uiolare
1028 3615 1229 3678 praesump-

183 3700 280 3776 serit,
298 3698 484 3764 anathema
507 3701 564 3775 sit,
582 3707 617 3762 et
632 3698 756 3761 inferni
777 3697 987 3760 cruciatibus
1010 3695 1150 3759 attritus
1177 3696 1228 3756 in·

182 3798 290 3863 foelix
307 3798 468 3878 intereat,
485 3800 553 3864 nisi
574 3797 818 3861 satisfaciendo
841 3802 922 3859 ante
939 3798 1069 3860 obitum
1093 3795 1229 3857 ueniam

183 3898 383 3962 obtinuerit.
