2858 4890
259 352 325 416 144
515 366 689 415 cusanca
712 363 1055 415 nuenosnxorucln.

261 525 391 589 domini
428 524 612 589 clementia
658 529 926 606 sanctorumque
966 523 1120 587 omnium
1153 521 1314 604 priuatus

260 625 486 690 contubernio
503 624 720 688 inimicorum
736 624 888 687 omnium
906 623 1144 706 persecutione
1159 621 1314 685 uallatus

261 725 562 808 depopulatusque
572 725 731 800 intereat,
742 742 804 786 nec
819 723 854 785 in
870 723 935 786 hac
950 723 1023 786 uita
1039 722 1144 785 ullam
1155 721 1314 785 obtineat

262 827 411 901 ueniam,
446 825 506 888 sed
538 825 574 887 in
598 824 714 887 futuro
743 823 886 905 perenni
911 822 1081 904 supplicio
1110 822 1313 902 deputatnS,

261 924 386 987 inferni
400 924 498 987 sauce
514 930 752 1005 consumptus
764 924 838 985 sine
856 922 924 985 fine
941 923 1107 1004 persistat
1123 922 1313 996 cruciatus,

261 1025 328 1087 nisi
371 1023 616 1087 satisfaciendo
654 1022 943 1103 redintegrauerit
975 1021 1067 1103 quod
1099 1021 1314 1103 insipiendus

262 1124 446 1187 minuendo
478 1123 618 1187 deleuit.
686 1121 774 1185 Tres
805 1140 946 1185 mansae
975 1122 1010 1183 in
1039 1121 1152 1186 Cearn
1180 1120 1226 1183 ad
1254 1120 1315 1183 rus

258 1207 455 1305 praefatum
472 1224 647 1306 pertinent
664 1229 699 1286 et
716 1222 805 1285 duae
824 1229 870 1285 aet
889 1221 1120 1285 Wecetiorda.

733 1414 851 1429 ——

736 1538 833 1603 nor.

680 1656 902 1753 uincla.

319 1837 358 1918 ›1‹
373 1835 458 1900 CUM
482 1854 602 1898 sacrae
632 1836 850 1899 auctoritatis
879 1836 1037 1901 doctrina
1067 1855 1131 1899 nos
1160 1836 1311 1900 ueridica

263 1935 383 1999 sedulo
407 1942 602 1999 ammoneat
625 1934 879 2013 exhortatione,
906 1943 1032 2000 utnon
1062 1936 1173 2000 solnm
1199 1937 1314 2002 actiue

263 2035 458 2099 uisihilibus
491 2035 651 2116 religiose
677 2035 925 2112 conuersando,
952 2037 1151 2118 sanctisque
1176 2037 1315 2118 profici-

264 2136 352 2199 endo
379 2136 567 2199 uirtutibus
584 2135 779 2199 carismatis
808 2136 899 2200 dono
917 2136 1048 2219 perfusi
1074 2137 1314 2223 decentissime

264 2235 492 2319 perfruamur,
522 2254 643 2299 uerum
673 2237 777 2300 etiam
810 2236 1100 2319 contemplatiuae
1124 2237 1314 2301 inuisibilia

265 2336 360 2399 uitae
374 2341 449 2400 toto
472 2335 596 2399 mentis
622 2337 801 2400 conamine
825 2338 951 2418 partim
970 2356 991 2400 a
1007 2337 1167 2400 recidiuis
1190 2338 1314 2401 semoti

264 2435 502 2511 libentissime,
533 2455 611 2498 cum
643 2457 729 2518 puro
760 2437 1016 2519 tranquilloque
1049 2437 1153 2499 animi
1183 2437 1313 2501 intuitu

264 2534 528 2617 contemplando
551 2535 809 2617 amplectemur,
824 2537 955 2613 dicenS,
976 2535 1138 2600 ‘Cuncta
1153 2555 1243 2617 quae
1261 2539 1313 2600 ui·

265 2636 391 2699 dentur
424 2635 629 2717 temporalia
662 2643 755 2711 sunt,
785 2655 875 2717 quae
906 2642 1020 2700 autem
1052 2655 1122 2698 non
1152 2634 1316 2701 uidentur

264 2734 434 2814 aeterna3'
451 2741 663 2817 quapropter
677 2755 743 2816 ego
753 2735 894 2817 Eadgar
909 2735 1037 2800 Christi
1053 2742 1229 2799 annuente
1245 2737 1313 2800 cle·

265 2836 394 2899 mentia
413 2835 523 2899 tocius
541 2833 700 2899 Albionis
715 2835 879 2913 basileus,
898 2834 950 2899 his
966 2836 1126 2899 recidiuis
1140 2837 1316 2917 practicae

264 2935 358 3000 uitae
373 2934 660 3018 possessiunculis
673 2941 814 2998 aeterna
827 2936 1001 3001 theoricae
1017 2937 1250 3000 emolumenta
1267 2937 1316 3000 lu-

266 3036 394 3100 crando
411 3036 555 3100 mercari
570 3034 781 3112 desiderans,
796 3036 968 3118 quoddam
991 3056 1049 3100 rus
1072 3056 1094 3100 a
1115 3036 1316 3118 supradicta

266 3136 499 3200 Wintoniensi
540 3135 708 3199 aecclesia
739 3137 870 3200 iniusta
901 3137 1072 3218 quondam
1099 3155 1121 3199 a
1147 3135 1316 3218 philargi-

265 3236 327 3299 riis·
359 3236 572 3300 abstractum
607 3237 742 3319 rapina,
766 3234 976 3302 AEhelwoldo
1008 3236 1184 3323 obtinente
1214 3255 1316 3318 prae-

267 3336 354 3412 sule,
386 3337 430 3399 ab
461 3336 521 3399 illo
554 3335 616 3419 qui
645 3337 772 3399 iniuste
796 3336 998 3418 possederat
1023 3336 1115 3400 iusto
1146 3336 1317 3417 arripiens
1366 3357 1368 3361 ⁴

266 3435 393 3499 iudicio
425 3435 574 3499 trinitati
603 3435 823 3511 reuerendae,
846 3437 988 3517 eiusque
1014 3435 1179 3518 apostolis
1207 3434 1317 3500 Petro

267 3542 303 3598 et
329 3534 440 3597 Paulo
463 3532 655 3596 humillima
682 3534 827 3597 reddens
859 3536 1003 3599 restituo
1032 3535 1217 3599 deuotione
1241 3552 1315 3600 .xc.

267 3633 429 3698 uidelicet
451 3640 608 3699 cassatos
629 3633 706 3696 loco
728 3635 789 3714 qui
812 3634 938 3699 celebri
954 3633 1135 3699 Alressord
1157 3620 1316 3699 nomina-

267 3747 326 3799 tur
340 3733 531 3797 uocabulo:
556 3751 635 3795 nam
653 3751 716 3795 rex
733 3734 913 3816 religiosus
932 3734 1120 3816 Cynewalh
1136 3753 1315 3816 nuncupa·

268 3843 336 3911 tuS,
353 3853 374 3897 a
391 3833 511 3896 Birino
528 3832 689 3915 pontifice
706 3833 785 3897 fidei
807 3834 1032 3898 sacramentis
1045 3834 1209 3910 imbutus,
1224 3834 1316 3897 idem

267 3953 326 3997 rus
357 3932 393 3994 in
424 3932 633 3997 christianae
664 3933 838 4013 religionis
873 3932 1016 3997 exordio
1055 3932 1232 4015 praefatae
1261 3934 1317 3997 dei

268 4032 455 4097 aecclesiae
480 4052 607 4116 magna
635 4032 740 4095 animi
764 4031 910 4113 largitus
940 4038 994 4096 est
1018 4031 1221 4111 deuotione;
1250 4032 1318 4098 hoc

267 4132 358 4196 idem
379 4131 544 4213 Ecgbirct
567 4131 678 4215 regali
705 4132 814 4195 fretus
839 4139 1020 4196 stemmate
1043 4150 1135 4196 noua
1151 4120 1320 4197 territorii
