2858 4890
257 365 279 428 6
515 359 688 426 curaris
712 376 1053 426 Anonosnxomcne.

261 536 481 612 Merciorum,
508 535 679 618 quandam
703 536 792 599 ruris
817 534 1035 618 particulam,
1058 533 1150 616 quod
1168 552 1190 596 a
1205 552 1315 614 gnos·

258 637 337 700 ticis
366 643 413 700 aet
443 634 608 699 Clifforda
643 635 851 718 appellatur,
881 652 931 699 .11.
967 633 1127 697 uidelicet
1157 651 1314 709 mansas,

259 737 395 800 cuidam
417 737 575 800 ministro
593 756 681 813 meo,
698 736 835 800 nomine
848 734 1028 811 Wihtelm,
1048 754 1125 797 cum
1151 733 1313 798 omnibus

261 837 303 900 ad
336 836 420 900 illud
453 837 517 900 rite
546 837 810 920 pertinentibus,
843 843 1011 919 perpetua
1044 835 1191 916 largitus
1231 853 1313 897 snm

261 936 484 1013 haereditate,
520 945 555 1000 et
592 944 672 1019 post
704 937 798 1000 uitae
829 955 912 1000 suae
948 935 1144 1011 terminum,
1173 934 1313 998 duobus

261 1044 396 1101 tantum
419 1037 623 1100 haeredibus
642 1038 827 1101 immunem
850 1036 1088 1118 derelinquat3
1111 1035 1237 1118 quihus
1254 1034 1315 1098 de·

261 1137 388 1201 functis
417 1138 605 1201 aecclesiae
639 1137 694 1200 dei
726 1138 762 1200 in
792 1137 1118 1219 Wiogomaeeastre
1147 1136 1315 1198 restitua-

262 1245 329 1300 tur.
383 1236 506 1300 Donne
529 1238 558 1299 is
582 1235 652 1301 bees
676 1236 796 1301 landos
821 1237 927 1301 ealles
953 1235 994 1299 be
1022 1235 1163 1300 Oswald
1189 1234 1313 1317 biscop

260 1336 365 1400 hocab
381 1336 568 1402 Wihtelme
587 1336 640 1400 his
657 1341 774 1422 begne,
797 1359 843 1403 on
861 1337 901 1401 bd
923 1336 1027 1419 gerdd
1048 1355 1162 1419 wyrce
1179 1333 1249 1398 oaet
1267 1334 1314 1398 he

262 1457 376 1519 wyroe
398 1436 466 1501 beet
490 1434 559 1500 baet
580 1436 659 1501 land
683 1431 725 1517 sy
749 1436 961 1503 unforworht
985 1436 1059 1501 into
1075 1435 1162 1499 boire
1182 1435 1313 1517 hfilgan

262 1544 383 1615 stowe,
400 1540 519 1622 breora
535 1556 662 1600 manna
682 1537 771 1619 daeg,
793 1537 871 1602 dher
888 1537 986 1602 healf
1001 1536 1058 1600 hid
1081 1535 1314 1618 gedffellandes

263 1637 331 1700 and
345 1637 445 1703 healf
459 1636 517 1699 hid
535 1657 579 1701 on
596 1635 681 1701 heere
698 1657 772 1719 ege.
824 1637 928 1703 Anno
944 1636 1135 1701 dominicae
1151 1637 1316 1700 incarna-

263 1737 367 1800 tionis
381 1754 594 1802 ococcnxvr.
612 1738 742 1820 scripta
758 1746 810 1802 est
828 1739 912 1802 haec
932 1737 1068 1802 cartula
1088 1737 1142 1800 his
1165 1738 1315 1801 testibus

264 1838 557 1901 consentientibus
571 1858 717 1920 quorum
735 1838 877 1902 inferius
891 1838 1030 1902 nomina
1047 1844 1221 1901 notantur.

318 1940 356 2018 »14
372 1937 448 2019 Ego
466 1937 608 2002 Oswald
624 1939 808 2020 episcopus
827 1939 917 2002 hano
933 1938 1192 2001 consensionem
1210 1938 1315 2019 signo

263 2037 374 2100 crucis
407 2037 537 2101 Christi
566 2037 742 2107 confirmo.
798 2040 837 2121 »14
854 2039 930 2120 Ego
958 2037 1107 2102 Wulfrio
1130 2038 1316 2120 presbiter.

269 2136 308 2217 »14
324 2136 400 2217 Ego
424 2136 565 2218 Eadgar
585 2137 765 2220 presbiter.
824 2139 863 2220 »14
878 2139 954 2220 Ego
975 2137 1114 2219 AElfgar
1130 2139 1316 2220 presbiter.

269 2237 308 2318 »14
326 2236 401 2317 Ego
422 2236 557 2300 AElfred
585 2237 740 2300 clericus,
798 2241 837 2319 »14
853 2238 929 2320 Ego
952 2236 1127 2301 Wulfhun
1155 2239 1315 2304 clericus.

270 2339 308 2417 »14
324 2335 401 2416 Ego
432 2336 511 2400 Ufio
539 2337 696 2400 clericus,
762 2337 801 2418 »14
816 2338 892 2419 Ego
923 2336 1103 2402 AEbelstan
1132 2339 1316 2420 presbiter.

270 2436 309 2517 »14
327 2435 403 2516 Ego
420 2436 572 2500 AElfstan
590 2437 747 2500 clericus,
805 2442 843 2520 »14
861 2439 937 2520 Ego
952 2437 1133 2503 Wulfhaeh
1154 2439 1315 2503 clericus.

270 2536 309 2617 »14
325 2534 400 2616 Ego
417 2536 581 2600 Brihstan
605 2537 761 2602 clericus.
820 2542 859 2620 »14
877 2539 953 2620 Ego
972 2537 1135 2620 Wulfgar
1157 2539 1318 2602 clericus.

270 2636 309 2717 »14
329 2634 404 2717 Ego
422 2636 599 2700 Leofwine
615 2637 772 2701 clericus.

315 2734 386 2799 Das
401 2739 479 2821 brec
496 2737 557 2800 bec
574 2735 683 2802 leniat
700 2738 772 2802 into
789 2737 1003 2805 Strdrtforda.

696 3037 916 3103 uxxxu.

605 3163 961 3264 *uincia‚uu.

321 3333 420 3414 »14ΙΝ
447 3334 584 3398 nomine
611 3334 741 3398 domini
769 3336 879 3399 nostri
907 3336 1013 3400 Ihesu
1040 3335 1170 3401 Christi
1196 3337 1316 3403 salua-

265 3431 369 3496 toris!
423 3433 474 3496 Ea
495 3455 585 3517 quae
606 3435 792 3498 secundum
816 3435 926 3518 legem
953 3456 994 3500 ao
1020 3438 1219 3501 canonicam
1242 3438 1316 3503 dis-

264 3533 469 3614 positionem
504 3535 687 3599 salubriter
714 3534 939 3614 diffiniuntur,
966 3538 1047 3601 licet
1075 3538 1170 3601 solus
1200 3558 1317 3604 sermo

265 3630 446 3710 sufficeret,
479 3641 594 3698 tamen
627 3656 690 3717 pro
719 3636 883 3700 euitanda
908 3636 1015 3701 futuri
1047 3638 1211 3721 temporis
1237 3658 1314 3702 am-

263 3733 444 3813 biguitate,
476 3734 684 3798 fidelissimis
710 3737 891 3819 scripturis
923 3746 958 3802 et
987 3738 1201 3803 documentis
1229 3749 1317 3805 sunt

265 3833 544 3897 commendanda.
598 3835 831 3912 Quamobrem
855 3858 920 3919 ego
945 3838 1125 3920 Eadgarus
1150 3860 1224 3916 rex,
1248 3859 1317 3921 pro

152 3938 158 3959 ²
265 3939 424 3996 aeternae
441 3934 677 3998 retributionis
699 3956 759 4017 spe
783 3944 818 4000 et
842 3938 1055 4002 relaxatione
1075 3939 1337 4021 peccaminum,

266 4052 430 4109 meorum,
456 4034 498 4096 ad
527 4033 663 4098 laudem
692 4037 838 4100 nominis
867 4039 995 4101 domini
1019 4047 1054 4103 et
1078 4038 1121 4102 ad
1147 4040 1316 4104 honorem

264 4134 376 4196 sancti
402 4132 498 4197 Petri
516 4136 752 4215 apostolorum
776 4138 953 4221 principis,
978 4140 1085 4221 regali
1106 4140 1317 4210 auctoritate
