2858 4890
374 375 547 424 cnrnmn
569 376 911 427 ruenosnxourcnn.
1141 361 1163 426 9

113 536 201 599 cabo
216 535 419 599 aecclesiam
436 555 548 598 meam
572 542 607 599 et
622 537 685 600 tibi
707 536 796 600 dabo
824 536 941 600 claues
963 538 1061 618 regni
1084 557 1161 600 coe-

113 635 236 712 lorum,
270 643 305 699 et
332 637 575 718 quodcumque
602 635 769 718 ligaueris
803 657 907 720 super
937 645 1064 701 terram
1096 637 1162 702 erit

111 735 259 815 ligatum
293 736 387 799 etin
416 736 534 813 coelis,
562 742 597 799 et
624 737 862 820 quodcumque
892 737 1037 800 solueris
1059 757 1163 821 super

114 842 241 898 terram
259 837 326 900 erit
341 836 492 900 solutum
509 837 598 900 etin
615 833 740 900 coelis?
793 837 955 922 Namque
971 837 1083 902 adhuc
1099 858 1162 920 pro

114 936 274 1018 ampliori
295 936 467 1000 firmitatis
484 942 692 1001 testamento
714 938 911 1002 omnimodo
933 938 1163 1020 praecipimus

115 1043 221 1117 atque
238 1037 480 1119 praecipiendo
500 1037 732 1114 obsecramus,
748 1046 788 1101 ut
809 1045 949 1102 maneat
970 1037 1040 1102 ista
1060 1038 1163 1101 liber-

116 1142 171 1199 tas
190 1136 419 1200 insolubiliter
447 1138 491 1200 ab
517 1138 609 1201 omni
634 1138 802 1202 saeculari
829 1138 975 1202 seruicio
998 1146 1038 1202 ut
1062 1158 1163 1221 prae·

114 1235 266 1299 diximus
283 1237 475 1314 exinanita,
492 1256 570 1300 eum
592 1238 750 1301 omnibus
772 1259 833 1321 per
853 1238 1034 1302 circuitum
1054 1238 1098 1302 ad
1125 1258 1162 1301 se

115 1336 181 1399 rite
203 1337 467 1418 pertinentibus,
481 1337 632 1419 pascuis,
650 1337 771 1420 pratis,
792 1338 902 1415 siluis,
916 1338 1050 1402 riuulis.
1103 1338 1163 1402 Id-

113 1436 204 1499 circo
237 1455 321 1501 uero
354 1436 457 1500 huius
486 1437 687 1501 donacionis
711 1438 981 1502 munificentiam
1005 1446 1077 1502 tam
1105 1437 1163 1500 fir·

114 1536 217 1598 miter
238 1543 343 1618 atque
369 1537 591 1601 immobiliter
612 1539 834 1621 imperamus
857 1539 940 1621 quia
961 1559 1024 1620 pro
1050 1539 1115 1601 hoc
1141 1557 1163 1602 a

113 1635 251 1699 domino
279 1637 438 1701 coelestis
463 1638 562 1718 regni
589 1637 837 1702 beatitudinem
863 1639 1018 1720 accipere
1043 1657 1162 1720 spera-

113 1755 202 1812 muS,
216 1736 277 1800 illo
292 1737 462 1819 largiente
478 1737 534 1801 cui
549 1746 602 1801 est
618 1737 738 1818 honor,
755 1745 911 1821 potestas
929 1745 965 1802 et
981 1739 1162 1819 imperium

116 1855 179 1918 per
200 1836 336 1900 infinita
366 1837 583 1901 saeculorum
615 1839 765 1901 saecula.
817 1837 942 1902 Amen.
994 1835 1087 1900 Acta
1110 1846 1164 1901 cst

117 1943 233 1999 autem
248 1936 334 2000 haec
354 1937 514 2019 praefata
526 1938 672 2002 donacio
689 1958 780 2002 anno
799 1938 989 2002 dominicae
1004 1938 1163 2000 incarna-

115 2035 220 2100 tionis
241 2053 506 2102 .n.ccce.nxv11.
527 2038 713 2101 indictione
733 2055 784 2103 .x.
803 2038 1095 2103 consentientibus
1109 2038 1163 2100 his

116 2137 263 2200 testibus
294 2157 441 2220 quorum
471 2139 642 2202 uocabula
666 2137 758 2203 infra
786 2146 953 2203 caraxata
985 2137 1077 2201 clare
1101 2157 1164 2220 pa-

113 2243 263 2300 tescunt.

167 2336 243 2418 Ego
256 2336 397 2418 Eadgar
409 2333 604 2418 Anglorum
617 2338 825 2402 monarchus
842 2337 907 2400 hoc
922 2337 1049 2401 donum
1065 2338 1165 2420 agiae

116 2437 227 2499 crucis
245 2444 400 2500 taumate
422 2438 583 2502 roboraui
601 2441 656 2519 ᾧ.
710 2439 787 2521 Ego
807 2437 944 2501 Oskitel
968 2437 1165 2502 Eboracen-

116 2536 164 2599 sis
188 2537 376 2600 aecclesiae
398 2537 527 2619 primas
553 2539 742 2621 subscripsi
758 2540 813 2621 >le
867 2539 943 2620 Ego
958 2538 1081 2602 AElfrio
1104 2539 1164 2601 ab·

116 2637 177 2699 bas
194 2622 383 2720 subscripsi
400 2638 455 2719 »1«.

582 2795 700 2812 ¹*

517 2937 761 3003 uxxxuu

488 3062 807 3168 nlnein‚ar.

173 3247 212 3325 ›1‹
229 3243 348 3307 Snuru
372 3261 521 3325 namque
543 3242 698 3323 contingi
720 3242 808 3305 solet
826 3248 865 3305 ut
885 3241 1024 3306 heroica
1048 3262 1166 3324 regum

117 3345 383 3408 christianorum
421 3343 624 3425 piorumque
662 3340 864 3424 pontificum
906 3361 948 3405 ac
986 3361 1164 3423 procerum

117 3450 251 3507 statuta
275 3442 443 3506 almorum
461 3462 599 3526 quoque
621 3441 816 3505 antistitum
839 3449 875 3505 et
896 3449 1093 3506 sanctorum
1109 3462 1165 3507 sa·

118 3544 295 3609 cerdotum
313 3543 576 3625 sapientumque
594 3542 732 3606 decreta
749 3542 785 3604 in
800 3551 983 3624 posterum.
995 3563 1058 3625 pro
1074 3545 1164 3607 anti-

119 3645 252 3728 quitate
270 3642 435 3707 obliuioni
452 3644 584 3708 abolita
599 3643 791 3718 traduntur,
809 3643 876 3705 nisi
890 3651 970 3706 ante
988 3661 1029 3706 ea
1044 3661 1167 3706 carax-

119 3746 187 3808 atis
214 3744 408 3808 litterarnm
438 3745 593 3826 apicibus
616 3752 677 3807 aut
708 3743 905 3806 cautionum
936 3743 1165 3825 promulgatis

117 3863 259 3927 prorsus
290 3843 451 3907 indiculis
480 3844 641 3908 decorata
669 3843 884 3907 roborentur.
931 3842 1164 3919 Quamobrem

117 3966 183 4026 ego
200 3943 352 4025 Eadgar,
375 3945 486 4008 tocius
503 3942 696 4026 Anglorum
720 3943 834 4024 gentis
856 3942 1108 4025 primicherius‚
1126 3951 1166 4007 ut

119 4046 174 4109 his
190 4043 399 4108 transitoriis
416 4055 557 4108 aeterna
571 4045 735 4121 lucrarer,
750 4043 921 4127 quandam
940 4042 1068 4105 rusculi
1086 4060 1165 4125 par-

121 4154 204 4223 tem,
223 4161 268 4208 .V.
287 4143 417 4208 scilicet
438 4152 593 4208 cassatos
610 4164 699 4226 quae
716 4145 792 4208 loco
809 4143 933 4208 celebri
949 4151 996 4207 eet
1014 4142 1166 4206 Eastune
