2858 4890
442 373 616 423 onsurae
638 376 978 426 nunnosrxomeau.
1195 366 1240 427 55

186 528 235 591 ric
263 528 445 610 presbiter.
519 530 559 610 ›1‹
573 530 651 612 Ego
678 532 819 616 Eadgar
848 536 1028 617 presbiter.
1107 539 1146 619 ›1‹
1161 536 1239 619 Ego

188 626 327 692 Wistan
349 629 531 711 presbiter.
587 632 627 712 ›1‹
645 631 722 714 Ego
738 632 874 699 AElfred
893 636 1051 700 clericus
1108 636 1239 719 ›14Ego

188 726 369 793 AEbelstan
403 729 558 793 clericus.
614 734 654 814 ›1‹
669 733 746 816 Ego
771 734 947 799 Wulshun
978 736 1134 801 clericus.
1191 738 1231 818 ›1‹

189 827 264 910 Ego
296 828 462 893 Brihstun
495 830 652 896 clericus,
725 835 858 917 ›14Ego
888 826 1065 901 AElfstan‘
1080 838 1236 901 clericus.

193 930 232 1010 ›1‹
246 928 324 1010 Ego
341 928 504 1012 Wulfgar
526 931 679 996 clericus.
737 935 869 1017 ›14Ego
892 936 1058 1001 Eadwine
1079 938 1237 1002 clericus.

193 1029 232 1109 ›1‹
247 1029 327 1110 Ego
340 1028 516 1094 Wunstan
542 1031 700 1098 clericus.
765 1037 805 1117 ›1‹
821 1036 897 1117 Ego
915 1037 1054 1118 AElfgar
1079 1038 1236 1101 clericus,

192 1128 323 1210 ›14Ego
354 1128 435 1194 Ufic
465 1130 623 1197 clericus.
689 1135 729 1215 ›1‹
746 1135 823 1216 Ego
854 1136 1047 1201 Wulfheah
1078 1138 1235 1202 clericus.

193 1229 326 1310 ›14Ego
357 1229 533 1296 Lcofwine
566 1232 723 1298 clericus.
780 1236 820 1316 ›1‹
835 1237 912 1318 Ego
943 1235 1046 1301 Tuna
1078 1238 1233 1301 clericus.

191 1331 230 1411 ›1‹
244 1328 322 1411 Ego
331 1329 498 1396 Wulfnob
515 1331 670 1396 clericus.
728 1336 768 1416 ›1‹
783 1336 860 1416 Ego
872 1336 1063 1402 Eadweard
1078 1338 1234 1403 clericus.

234 1427 366 1495 Rubrio.
390 1430 546 1496 Witleah
564 1480 572 1496 .
591 1423 751 1500 eadmer
768 1436 835 1500 and
851 1436 1028 1502 Wulirun.

630 1727 794 1793 nnxn.

493 1845 716 1955 niuniu,
731 1878 924 1943 959-970.

234 2020 274 2100 *1⁴
290 2025 336 2089 IN
366 2026 503 2090 nomine
535 2026 626 2090 trino
661 2014 796 2103 diuina
819 2028 893 2108 regi
923 2028 1083 2108 regnanti
1107 2028 1233 2111 imper-

183 2134 338 2211 petuum,
354 2124 494 2191 domino
508 2125 574 2190 deo
595 2126 755 2204 sabaoth,
771 2126 828 2190 cui
847 2134 969 2209 patent
988 2136 1114 2192 cuncta
1130 2149 1233 2211 pene-

183 2228 287 2293 tralia
307 2226 422 2292 cordis
444 2234 479 2291 et
501 2228 667 2309 corporis,
685 2228 862 2291 terrestria
878 2228 980 2292 simul
1000 2235 1035 2292 et
1057 2229 1233 2308 coelestia,

184 2348 248 2393 nee
269 2347 339 2391 non
364 2345 470 2409 super
490 2327 633 2392 aethera
654 2347 816 2409 regnans,
838 2329 1036 2392 insedibus
1058 2329 1139 2393 altis
1163 2331 1234 2394 ima

183 2436 220 2494 et
235 2428 309 2493 alta
323 2427 439 2492 omnia
453 2446 518 2491 sna
533 2427 664 2492 ditione
680 2430 877 2509 gubernans
892 2430 899 2490 !
941 2427 1050 2492 Cuius
1066 2447 1183 2494 amore
1199 2439 1235 2495 et

183 2529 333 2595 aeternis
355 2527 518 2610 praemiis
539 2547 606 2611 ego
630 2527 812 2609 Eadgarns
834 2548 897 2592 rex
914 2526 1108 2610 Anglorum
1130 2530 1174 2593 do
1199 2538 1234 2595 et

183 2629 335 2694 concedo
356 2636 478 2693 saneto
495 2628 695 2710 Augustino
711 2625 905 2710 Anglorum
922 2629 1093 2712 apostolo,
1111 2637 1146 2693 et
1164 2629 1234 2695 sra-

183 2730 295 2794 tribus
316 2730 353 2793 in
374 2728 436 2792 illo
458 2736 580 2793 sancto
601 2729 768 2793 coenobio
791 2730 1088 2806 conuersantibuS,
1104 2737 1232 2794 terram

183 2837 335 2914 quatuor
347 2837 543 2893 aratrorum
558 2848 648 2912 quae
665 2830 863 2892 nominatur
875 2828 1088 2893 Plumstede.
1127 2828 1233 2896 Hanc

183 2950 268 3012 ergo
283 2937 507 3011 terramoum
521 2949 693 2994 consensu
712 2928 961 3012 archiepiscopi
980 2929 1155 2994 Dunstani
1171 2950 1234 3013 op-

182 3032 412 3113 timatumque
433 3049 587 3093 meorum
615 3030 737 3094 libenti
763 3031 878 3093 animo
902 3029 1065 3105 concedo,
1088 3049 1151 3111 pro
1179 3050 1233 3094 re·

183 3130 381 3213 demptione
400 3130 536 3194 animae
552 3149 661 3206 meae,
682 3137 723 3193 ut
739 3148 815 3193 earn
838 3136 979 3193 teneant
1000 3128 1235 3211 perhenniter-

182 3251 251 3316 que
265 3231 428 3295 habeant.
481 3230 518 3294 Si
532 3231 610 3313 quis
627 3249 711 3294 uero
729 3229 914 3293 haeredum
929 3248 1234 3313 successorumque

182 3351 338 3396 meorum
359 3330 449 3394 hanc
468 3350 580 3394 meam
605 3331 825 3395 donationem
848 3349 987 3392 seruare
1007 3330 1064 3393 uel
1088 3330 1235 3413 amplifi-

183 3451 264 3497 care
285 3431 469 3507 studuerit,
486 3437 645 3494 seruetur
667 3432 699 3494 ei
719 3431 868 3512 desuper
891 3430 1085 3494 benedictio
1110 3432 1235 3513 sempi.

183 3539 295 3598 terna.
331 3530 369 3596 si
387 3538 503 3595 autem
520 3531 578 3608 sit,
595 3530 687 3614 quod
703 3551 773 3594 non
790 3538 963 3612 optamus
980 3529 1073 3613 quod
1088 3530 1233 3595 alicuius

182 3651 351 3718 personae
368 3630 472 3695 bomo
486 3630 657 3695 diabolica
674 3631 869 3694 temeritate
885 3630 1073 3712 instigatus
1096 3651 1236 3695 surrex·

183 3734 262 3811 erit,
281 3732 343 3816 qni
363 3731 454 3795 hanc
477 3750 589 3795 meam
606 3730 828 3795 donationem
848 3730 1034 3812 infringere
1057 3730 1093 3792 in
1117 3731 1235 3814 aliquo

181 3831 418 3917 temptauerit,
440 3832 529 3897 sciat
552 3851 590 3895 se
617 3839 699 3895 ante
718 3831 870 3895 tribunal
890 3830 1014 3894 summi
1040 3838 1075 3893 et
1103 3833 1235 3895 aeterni

181 3933 306 4001 iudicis
330 3932 499 3997 rationem
521 3950 597 3995 esse
624 3931 849 4008 redditurum,
871 3931 936 3994 nisi
967 3937 1048 3993 ante
1069 3930 1175 4011 digna
1199 3939 1234 3996 et

182 4032 348 4120 placabili
368 4032 607 4096 satisfactione
623 4031 687 4096 deo
705 4040 740 4096 et
762 4038 884 4096 sancto
901 4029 1101 4113 Augustino
1117 4031 1232 4094 fratri-

128 4142 131 4147 '
179 4138 316 4219 busque
329 4132 512 4197 emendare
525 4132 687 4197 uoluerit.
