2858 4890
235 387 280 452 30
491 402 665 451 cuunran
690 399 1033 451 suonosaxoruoan.

237 563 424 627 transferre
443 560 604 637 uoluerit,
628 560 786 644 priuatus
811 562 987 627 consortio
1008 562 1064 627 dei
1089 561 1296 638 aecclesiae,

237 665 388 728 aeternis
412 662 543 727 baratri
567 663 734 727 incendiis
757 664 915 745 lugubris
937 664 1066 745 iugiter
1093 682 1173 727 cum
1201 661 1297 727 Iuda

239 764 369 829 Christi
400 764 577 847 proditore
607 762 749 847 eiusque
788 764 1014 848 complicibus
1052 764 1232 848 puniatur,
1263 763 1295 827 si

237 886 306 930 non
336 866 574 930 satisfactione
605 864 840 930 emendauerit
869 884 1025 948 congrua
1049 864 1142 948 quod
1169 872 1297 929 contra

236 974 393 1031 nostrum
420 966 565 1047 deliquit
597 964 786 1030 decretum.
850 965 932 1030 Hiis
960 966 1062 1031 metis
1092 964 1293 1049 praefatum

237 1087 295 1131 rus
315 1066 489 1130 hincinde
507 1067 653 1148 giratur.
701 1066 763 1130 Dis
780 1073 861 1131 sant
876 1064 921 1130 tta
937 1066 1127 1132 landimare
1143 1072 1181 1131 to
1199 1064 1293 1131 Ald-

235 1167 468 1232 dercscumbe.
492 1168 611 1232 AErest
626 1165 667 1231 of
677 1167 807 1250 laugan
822 1168 910 1251 riple
924 1187 972 1251 up
982 1168 1025 1232 be
1034 1167 1231 1232 Wirtrume
1245 1187 1293 1233 on

235 1267 436 1352 Wlsgedyte
450 1288 458 1341 ;
480 1266 727 1351 osWlfgcdyte
741 1268 785 1332 be
797 1267 987 1333 Wirtrume
999 1289 1044 1333 on
1054 1267 1293 1333 Deodewold-

235 1368 397 1450 dinglege
421 1366 620 1445 subewurd3
657 1368 697 1431 of
722 1366 1069 1451 Teobewoldinglege
1104 1368 1222 1433 udune
1249 1370 1294 1435 be

234 1469 334 1548 dich3
362 1469 403 1534 of
422 1467 481 1534 bat
501 1468 579 1532 dich
607 1466 700 1532 sorite
725 1469 768 1533 be
784 1469 964 1535 Wirtruue
990 1489 1037 1534 on
1061 1468 1293 1535 Heahstanes

234 1570 393 1651 quabben
429 1568 502 1634 forb
533 1570 576 1633 be
607 1568 788 1636 Wirtrune
817 1571 970 1652 andlang
1001 1570 1090 1652 riple
1119 1577 1157 1634 at
1189 1571 1299 1636 twelf

233 1668 355 1734 akeres
372 1667 553 1754 yrtilandes
564 1670 607 1733 be
617 1675 662 1734 ite
676 1669 861 1752 hegewege
878 1677 970 1735 went
988 1691 1033 1736 on
1051 1670 1156 1734 Putel
1172 1672 1291 1737 made.

232 1769 337 1834 Anno
360 1771 551 1835 dominicae
575 1771 824 1835 incarnationis
848 1788 1128 1836 .nccoo.uxvu¹.
1151 1772 1293 1856 scripta

231 1879 285 1936 est
302 1872 387 1936 haec
402 1871 579 1936 carticula.
627 1870 709 1935 Hiis
726 1873 886 1937 testibus.

280 1973 358 2056 Ego
375 1973 515 2054 Eadgar
529 1992 592 2034 rex
608 1969 803 2054 Anglorum
818 1972 974 2037 concessi
990 1975 1047 2055 ᾖ.
1087 1970 1165 2054 Ego
1182 1972 1291 2038 Dun-

229 2081 308 2137 stan
323 2074 601 2156 archiepiscopus
620 2073 842 2138 corroboraui
858 2075 914 2155 ᾖ.
967 2073 1043 2155 Ego
1060 2072 1205 2156 Oscytel
1231 2093 1292 2138 ar-

228 2174 468 2257 chiepiscopus
493 2173 695 2238 confirmaui
721 2177 777 2257 ᾖ.
831 2174 908 2257 Ego
925 2173 1118 2238 AEbolwold
1147 2175 1291 2257 episco-

229 2294 295 2357 pus
311 2274 546 2354 consolidaui;
570 2282 636 2340 etc.
652 2276 709 2359 ᾧ.

697 2474 819 2485 —..-—-

645 2648 872 2714 nxnvrrr.

600 2766 821 2880 uineis,
844 2800 921 2865 ooo.

281 2977 320 3060 ›1‹
339 2975 384 3040 Iu
400 2977 538 3040 nomine
560 2975 690 3041 domini
712 2976 822 3041 nostri
841 2975 946 3040 Ihesu
962 2976 1103 3042 Christi.
1157 2978 1287 3049 Omnis

226 3076 363 3158 quidem
393 3077 493 3159 larga
515 3077 751 3141 munificentia
776 3098 896 3159 regum
927 3084 1135 3144 testamento
1160 3080 1285 3150 litera-

226 3197 302 3240 rum
315 3179 510 3243 roboranda
529 3185 595 3255 est,
615 3198 659 3242 ne
681 3179 896 3260 posteritatis
917 3180 1090 3245 successio
1111 3180 1283 3263 ignorans

224 3278 260 3340 in
280 3278 507 3359 malignitatis
530 3280 692 3343 fribolum
713 3278 919 3344 infoeliciter
939 3288 1089 3347 corruat.
1141 3281 1281 3361 Quam·

226 3379 344 3441 obrem
360 3397 425 3460 ego
443 3379 594 3462 Eadgar,
618 3381 736 3444 diuina
755 3380 1009 3444 collubescente
1031 3382 1147 3464 gratia
1166 3386 1282 3451 totius

226 3476 386 3543 Albionis
416 3499 478 3542 rex
507 3481 827 3564 primicheriusque,
860 3482 1035 3564 quandam
1070 3483 1160 3548 ruris
1196 3504 1282 3569 par-

224 3579 366 3643 ticulam
384 3595 434 3643 .x.
450 3582 581 3647 scilicet
598 3590 825 3659 cassatorum,
842 3582 919 3648 loco
934 3583 995 3666 qui
1009 3583 1147 3666 uulgari
1156 3584 1281 3671 cyng-
1335 3576 1341 3583 ’

225 3686 287 3743 tun
311 3681 448 3757 dicitur,
471 3703 547 3747 meo
572 3683 665 3748 fideli
683 3684 841 3749 ministro
867 3685 996 3767 quique
1019 3685 1187 3767 gnosticis
1208 3686 1280 3753 hu·

224 3780 318 3844 iusce
346 3782 480 3846 insulae
507 3793 588 3850 noto
606 3785 772 3850 AElfwold
800 3792 1020 3868 nuncupatur
1041 3794 1214 3865 onomate,
1238 3788 1279 3855 in

224 3888 399 3946 aeternam
430 3884 559 3967 largior
585 3886 856 3964 haereditatem3
885 3892 925 3950 ut
946 3887 1021 3968 ipse
1048 3888 1123 3952 uita
1147 3887 1279 3955 comite

223 4001 302 4045 cum
321 3986 477 4049 omnibus
493 3988 709 4065 utensilibus,
726 3988 836 4070 pratis
856 3987 1027 4066 uidelicet,
1044 3989 1195 4071 pascuis,
1212 3990 1279 4056 sil-

224 4083 290 4158 uis,
310 4085 383 4147 uoti
400 4105 540 4170 compos
558 4087 703 4167 babeat3
727 4096 762 4152 et
783 4094 862 4170 post
877 4089 972 4153 uitae
990 4109 1074 4154 suae
1088 4091 1277 4159 terminum

223 4185 483 4269 quibuscunque
510 4188 660 4252 uoluerit
686 4189 892 4254 cleronomis
919 4191 1105 4255 immunem
1125 4190 1278 4259 derelin-
