2858 4890
181 324 246 388 116
439 338 611 386 cHARTAE
634 336 976 385 nncnosxxorucnn.

183 517 302 562 earum
317 497 492 581 spurcitiis
504 516 594 580 quae
611 496 712 560 deum
728 495 864 559 irritare
878 494 1111 577 potiusquam
1126 494 1234 577 digno

186 598 394 661 uidebantur
400 597 497 661 cultu
506 597 676 674 uenerari,
684 595 820 660 cuidam
832 594 1022 659 uenerabili
1037 595 1238 659 abbatissae

189 695 373 780 Wullbryb
390 698 539 772 nomine,
561 698 671 760 libens
688 717 766 760 cum
790 695 883 760 omni
905 695 1031 758 mentis
1053 695 1238 759 alacritate

189 798 442 874 commendare,
458 805 565 880 atque
584 801 753 879 perpetuo
770 796 940 859 libertatis
957 795 1139 879 priuilegio
1156 816 1236 858 cum

191 896 343 962 Cheolca
357 898 571 980 caeterisque
588 897 707 960 codem
723 898 789 960 rite
810 896 1063 978 pertinentibus
1086 896 1239 978 praediis

190 997 420 1062 laetabundus
448 998 550 1060 beare
580 997 730 1073 decreui‚
757 996 868 1060 tribus
896 996 1064 1079 exceptis,
1094 996 1239 1078 expedi-

192 1099 299 1175 tione,
330 1097 446 1180 pontis
471 1098 604 1160 arcisue
630 1096 895 1160 constructione.
946 1095 1003 1159 Sic
1029 1096 1241 1159 inconcussa

192 1197 294 1263 huius
325 1197 498 1280 priuilegii
527 1204 666 1260 maneat
694 1197 836 1260 libertas
863 1197 1028 1278 quatinus
1053 1195 1135 1259 dum
1161 1216 1239 1260 sors

192 1298 424 1380 irreparabilis
441 1304 617 1361 extremae
634 1296 739 1360 horae
756 1295 885 1359 mundo
901 1297 1068 1359 exemerit
1084 1297 1240 1360 abbatis-

193 1418 268 1462 sam
294 1399 575 1480 prouisoremque
598 1398 751 1479 ipsarum
785 1397 879 1459 uitae
900 1396 969 1460 illis
993 1415 1097 1478 quam
1123 1398 1241 1479 potio-

193 1519 265 1562 rem
273 1499 309 1562 in
323 1497 520 1562 sanctitatis
535 1497 716 1561 honestate
727 1496 929 1578 repererint,
940 1516 984 1559 ex
996 1495 1081 1578 ipsis
1092 1504 1241 1560 matrem

192 1599 259 1662 sibi
274 1597 378 1662 liceat
393 1597 614 1674 substituere,
632 1617 696 1660 nec
717 1597 763 1661 sit
780 1603 881 1659 extra
896 1615 1083 1661 consensus
1099 1597 1239 1660 illarum

193 1699 373 1762 scientiam
390 1698 449 1782 qui
464 1696 544 1761 huic
560 1704 700 1761 nostrae
716 1697 820 1761 immo
842 1696 982 1760 deificae
997 1698 1243 1762 constitutioni

192 1798 379 1880 aliquando
394 1805 537 1861 conetur
552 1798 690 1860 rebellis
707 1797 969 1879 contrariasque
983 1797 1145 1860 existere.
1188 1796 1241 1863 At

193 1899 223 1965 si
249 1918 350 1980 quem
376 1896 559 1981 profanum
588 1898 721 1980 deoque
751 1897 911 1961 odibilem
943 1898 994 1961 ita
1015 1897 1242 1962 melancoliae

192 1999 288 2062 uirus
312 1997 485 2061 obsederit
509 1999 658 2081 penitus,
678 2005 718 2061 ut
733 1996 834 2061 huius
858 1996 1076 2060 liberalitatis
1100 2005 1243 2062 nostrae

192 2099 404 2162 munimento
427 2096 506 2160 hinc
529 2098 608 2161 inde
625 2096 724 2160 malit
740 2097 814 2161 fieri
835 2097 1067 2174 aduersarius
1085 2098 1129 2160 ab
1147 2100 1243 2162 omni

192 2199 388 2263 sanctitatis
423 2205 526 2261 coetu
565 2198 775 2281 disparatus,
808 2196 1074 2278 Phlegethontis
1108 2218 1242 2280 poenas

193 2296 305 2376 luens,
328 2299 374 2362 sit
395 2297 523 2379 iugiter
542 2299 753 2363 miserrimus
780 2298 872 2361 intra
892 2305 1001 2362 semet
1022 2297 1058 2361 ni
1080 2318 1241 2364 reuersus

194 2397 298 2461 fucrit
314 2417 418 2480 quam
434 2399 548 2475 citius,
566 2398 778 2472 emendando
795 2417 904 2480 praua
921 2398 1035 2462 cordis
1050 2399 1241 2465 molimina.

197 2497 356 2562 Deuotus
378 2497 470 2561 filius
489 2508 605 2562 autem
621 2499 742 2562 matris
763 2498 951 2562 aecclesiae
966 2499 1059 2562 uires
1075 2519 1241 2579 augmen·

195 2598 302 2662 tando
326 2598 507 2681 praebens,
537 2599 574 2661 in
604 2598 669 2662 hac
693 2598 939 2662 constitutione
966 2597 1052 2662 illud
1081 2610 1242 2681 capessat

194 2697 423 2775 benedictum,
440 2697 532 2780 quod
554 2718 780 2781 praecurrens
801 2697 979 2762 deriuatur
1000 2699 1043 2762 de
1068 2701 1243 2765 montibus

197 2798 336 2862 collium
350 2818 588 2881 supernorum,
606 2799 718 2862 laetus
740 2799 849 2862 uitam
863 2797 993 2879 degens
1015 2799 1065 2863 sic
1084 2800 1120 2862 in
1138 2799 1241 2864 istam

197 2899 361 2980 quatinus
387 2906 501 2962 sumat
512 2918 708 2981 supernam.
754 2899 854 2963 Haec
868 2899 1005 2981 quidem
1020 2907 1056 2962 et
1066 2899 1242 2965 laudanda

198 3006 335 3064 constat
351 2998 423 3062 sore
445 3008 586 3081 peracta
608 2999 748 3081 largitio
773 2998 964 3064 dominicae
992 3000 1242 3065 incarnationis

199 3116 488 3164 mdcccxxxuu.
506 3119 598 3163 anno
620 3099 755 3182 imperii
777 3099 876 3161 nobis
892 3117 914 3163 a
929 3099 994 3163 deo
1010 3099 1129 3163 collati
1152 3120 1242 3166 anno

197 3216 273 3265 .xv.
307 3207 509 3283 procreatus
542 3200 663 3262 matris
700 3197 781 3264 aluo
820 3206 944 3280 quarto
981 3207 1017 3263 et
1054 3199 1242 3277 tricesimo,

197 3319 317 3365 eorum
339 3297 598 3363 confirmatione
621 3318 767 3382 quorum
789 3297 933 3365 inferius
954 3299 1188 3366 enarithmata
1203 3302 1243 3365 li-

198 3408 368 3482 quescunt
383 3404 561 3462 caraxata.
815 3462 818 3467 ,

254 3499 293 3579 ›1‹
308 3498 385 3578 Ego
408 3496 590 3577 Eadgarus
614 3517 676 3570 rex
699 3495 894 3579 Anglorum
921 3498 1112 3581 praefatam
1134 3501 1245 3566 dona·

199 3597 326 3663 tionem
347 3597 411 3660 sub
429 3596 543 3678 sigillo
558 3605 702 3662 sanctae
724 3599 836 3661 crucis
858 3598 1148 3664 indeclinabiliter
1164 3622 1245 3667 con-

197 3699 290 3763 sensi
314 3704 419 3780 atque
442 3697 615 3762 roboraui.
681 3699 721 3778 ›1‹
736 3697 1043 3777 Ego‘Dunstanus
1065 3700 1245 3767 Dorobor-

196 3800 313 3863 nensis
341 3797 527 3861 aecclesiae
549 3797 840 3879 archiepiscopus
858 3799 1010 3862 eiusdem
1033 3800 1124 3882 regis
1150 3804 1246 3883 prin·

194 3900 348 3980 cipatum
373 3904 409 3961 et
432 3897 720 3974 beneuolentiam,
735 3899 800 3962 sub
823 3898 939 3979 sigillo
963 3906 1107 3967 sanctae
1131 3904 1246 3968 crucis

195 3996 359 4061 conclusi.
426 3997 557 4079 ›11Ego
575 3996 716 4060 Oswald
738 3997 884 4061 archons
905 3998 1043 4065 diuinae
1065 4002 1246 4069 seruitutis

192 4095 305 4167 officio
327 4097 557 4178 mancipatus,
576 4096 752 4161 Eboracae
773 4097 927 4164 ciuitatis
951 4098 1245 4186 archiepiscopus,
