2858 4890
455 386 630 434 cusurnu
652 387 995 436 nuocosnxorucnu.
1187 375 1251 438 841

186 547 317 622 gater:
349 559 413 603 rex
443 547 561 604 autem
591 560 660 604 non
682 542 725 605 ad
750 545 966 626 tyrannidem
990 544 1050 609 sed
1072 546 1115 609 ad
1138 548 1248 612 muni-

191 659 268 703 men
279 639 350 703 loci
365 647 401 704 et
418 647 657 721 augmentum,
673 643 726 705 uti
735 662 810 706 mos
825 651 891 721 est,
905 664 1009 727 super
1025 653 1197 728 pastorem
1212 654 1248 712 et

191 738 321 803 Christi
350 759 492 822 gregem
531 739 720 804 dominium
754 743 874 806 solerti
903 744 1087 826 uigilantia
1116 747 1248 810 miseri-

189 839 340 904 corditer
361 839 557 903 custodiat:
586 840 813 904 saecularium
837 863 920 907 uero
942 844 1113 926 quispiam
1135 865 1178 909 ne
1200 845 1243 909 ad

188 939 308 1020 magni
335 938 533 1003 detrimenti
556 939 693 1003 ruinam
717 940 880 1006 deueuiat
903 949 942 1006 ut
964 943 1151 1007 dominium
1179 946 1245 1010 loci

188 1045 308 1102 teneat
323 1047 473 1122 excepto
495 1058 576 1121 rege
601 1059 778 1122 nunquam
803 1042 962 1123 eligatur.
1013 1041 1103 1107 Sunt
1119 1045 1244 1108 etenim

182 1158 267 1202 rura
291 1137 378 1202 haec
400 1158 491 1221 quae
518 1146 640 1202 sancto
665 1139 833 1204 saluatori
861 1142 1087 1224 omnibusque
1111 1145 1241 1208 sanctis

185 1238 261 1302 eius
292 1239 347 1301 uir
379 1237 556 1316 praefatus
583 1237 801 1303 AEdelmarus
830 1248 866 1304 et
896 1240 1034 1304 diuinae
1065 1243 1244 1307 seruitutis

185 1337 354 1420 obsequio
392 1344 428 1402 et
460 1355 589 1420 magna
625 1358 702 1401 cum
734 1339 942 1417 humilitate,
976 1360 1045 1404 non
1079 1342 1190 1406 solum
1224 1362 1246 1407 a

184 1457 270 1518 rege
301 1437 362 1500 sed
391 1436 497 1500 etiam
524 1456 547 1501 a
571 1433 718 1501 diuersis
750 1438 925 1503 hominum
958 1441 1125 1522 personis,
1154 1462 1245 1506 nunc

188 1536 423 1619 comparando
445 1556 537 1600 nunc
568 1538 759 1602 mutuando
789 1539 950 1621 optinuit,
967 1558 1056 1622 quae
1086 1540 1128 1603 ad
1160 1560 1244 1605 usus

187 1636 435 1701 monachorum
460 1637 546 1700 inibi
573 1636 773 1719 degentium
799 1646 940 1702 aeterno
962 1641 1131 1703 concessit
1158 1641 1243 1705 don·

188 1736 273 1801 ario.
321 1734 499 1819 Quinque,
525 1736 699 1815 uidelicet,
730 1745 908 1802 manentes
934 1738 972 1801 in
1001 1738 1078 1802 loco
1108 1740 1167 1802 ubi
1199 1743 1243 1805 ab

188 1835 361 1919 indigenis
378 1834 554 1918 Sceaptun
571 1836 719 1916 dicitur;
747 1837 866 1901 uillam
883 1857 1019 1920 quoque
1037 1858 1126 1921 quac
1144 1839 1243 1923 Scip-

188 1936 265 2001 sord
298 1936 438 2013 dicitur,
471 1936 567 2001 dedit
603 1937 659 1999 uir
691 1937 889 2018 praedictus
923 1937 968 2000 ad
997 1940 1243 2004 monasterium

187 2035 413 2112 antedictum,
441 2054 544 2118 quam
578 2035 611 2098 ei
637 2035 836 2100 Leoiwinus
859 2055 943 2101 suus
968 2039 1244 2120 consanguineus

188 2136 314 2220 spiritu
328 2135 365 2198 in
381 2134 504 2199 ultimo
527 2136 738 2201 constitutus
760 2137 915 2213 donauit,
931 2156 1035 2218 quam
1059 2136 1243 2203 Birhtnoii·

188 2256 229 2300 us
246 2243 352 2300 antea
368 2234 441 2299 dux
457 2235 656 2318 praeclarus
674 2236 718 2300 ab
733 2235 894 2318 Eadgaro
917 2244 1015 2318 patre
1037 2257 1113 2301 meo
1129 2238 1243 2320 dignis

187 2336 379 2419 praemium
394 2354 458 2425 pro
475 2335 607 2400 meritis
621 2335 777 2418 accipere
793 2336 1008 2416 laetabatur3
1030 2336 1244 2403 Micelantun

186 2435 346 2500 similiter
371 2435 415 2498 ad
435 2435 682 2500 monasterium
703 2435 810 2512 dedit,
825 2454 929 2519 quarn
952 2437 1011 2501 ille
1035 2437 1243 2503 Birhtnodus

187 2537 261 2600 dux
290 2535 490 2618 praedictus
525 2535 647 2600 ultimo
680 2536 852 2600 commisit
882 2535 973 2599 dono
1010 2539 1054 2601 ab
1083 2537 1242 2621 Eadgaro

184 2642 326 2719 'quoquo
349 2635 382 2698 ei
403 2640 508 2699 antea
528 2635 693 2699 donatam
715 2643 750 2701 et
773 2636 810 2699 in
827 2634 966 2699 kartula
990 2636 1133 2701 firmiter
1149 2658 1242 2702 com-

185 2735 406 2814 mendatam3
428 2741 557 2799 terram
580 2754 717 2818 quoque
739 2736 891 2818 quinque
912 2737 1136 2814 manentium,
1153 2759 1242 2821 quae

188 2836 325 2900 Burtun
357 2834 483 2898 dicitur
517 2834 672 2912 donauit,
705 2855 809 2918 quam
840 2854 863 2898 a
892 2855 946 2899 me
977 2837 1177 2918 promeruit,
1208 2848 1244 2903 et

186 2938 229 2999 ab
246 2932 487 2999 AEaelweardo
513 2954 642 3016 genero
671 2954 735 2999 suo
761 2934 943 2999 uoluntate
974 2944 1079 3000 antea
1110 2939 1244 3021 accepit

186 3055 248 3118 pro
270 3034 424 3098 remedio
449 3035 587 3097 animae
609 3035 729 3098 uxoris
751 3054 855 3114 suae;
881 3033 964 3098 emit
983 3055 1120 3119 quoque
1141 3057 1242 3119 prae-

185 3135 300 3199 dictus
322 3134 377 3197 uir
394 3128 612 3198 'AEdelmarus
637 3153 659 3197 a
677 3155 733 3198 me
754 3155 831 3199 cum
860 3135 1003 3217 triginta
1023 3136 1129 3212 libris,
1155 3138 1241 3202 duo-

186 3235 297 3298 decim
321 3233 518 3297 mansiones
544 3234 587 3298 do
612 3234 742 3298 uillulis
768 3254 855 3317 quas
886 3242 1044 3299 matrona
1071 3237 1242 3319 quaedam

186 3335 324 3399 nomine
349 3333 490 3397 Leofled
517 3334 590 3397 suis
614 3334 764 3416 perdidit
788 3333 927 3416 ineptiis
957 3341 993 3399 et
1015 3336 1143 3414 amisit,
1172 3346 1243 3403 tres

186 3435 302 3511 semis,
318 3433 492 3510 uidelicet,
509 3443 687 3498 manentes
704 3442 751 3498 aet
770 3434 918 3498 Marana
935 3433 1045 3512 Cliue,
1060 3454 1148 3518 quas
1165 3440 1242 3519 pari

183 3534 289 3598 modo
311 3533 355 3596 ad
374 3534 622 3599 monasterium
637 3533 744 3611 dedit,
762 3534 849 3597 duas
872 3533 1028 3597 similiter
1045 3536 1241 3603 mansiones

186 3641 233 3698 aet
253 3632 467 3714 Beonetlege
490 3633 601 3697 siluae
623 3633 812 3697 communis
836 3633 950 3712 dedit;
973 3634 1116 3699 donauit
1138 3636 1242 3702 etiarn

185 3734 242 3797 uir
264 3733 569 3814 saepenominatus
590 3734 742 3816 quinque
764 3751 902 3796 mansas
925 3740 971 3796 aet
989 3733 1185 3817 Stodelege,
1208 3746 1243 3802 et

184 3833 304 3898 decem
321 3838 369 3895 aet
383 3829 589 3895 Gestertune
609 3834 803 3915 propinquo
820 3852 883 3896 suo
906 3834 1042 3897 nomine
1058 3832 1241 3915 Godwino,

183 3953 246 4016 pro
279 3933 397 3995 decem
430 3932 667 3995 mansionibus
699 3939 812 3996 terrae
846 3934 1047 4011 communis,
1077 3954 1165 4017 quae
1195 3946 1241 4002 aet

183 4033 378 4098 Erdintune
403 4030 542 4108 dicitur,
559 4051 647 4114 quas
670 4051 808 4116 quoque
830 4033 1007 4116 praedicto
1030 4038 1238 4101 monasterio

182 4131 378 4211 commisit;
407 4130 504 4196 dedit
535 4152 672 4215 quoque
706 4132 941 4216 ByrhtelmuS,
970 4134 1143 4216 quondam
1170 4138 1241 4218 epi-
