2858 4890
261 365 304 429 42
523 383 695 430 oniam
718 382 1060 430 Ancnosaxonicun.

262 561 335 605 rem
358 541 414 606 dei
434 543 644 625 pertinentia
662 561 752 623 quae
774 541 822 604 ibi
843 541 1024 604 instituere
1047 540 1212 618 uolueriS,
1236 561 1316 623 gra·

262 643 350 707 tanti
376 643 501 708 affectu
527 642 724 719 annuimus
746 641 989 706 confirmamus
1018 648 1053 704 et
1082 640 1316 706 confirmando

261 743 297 805 in
323 751 528 827 perpetuum
552 751 630 807 rata
655 743 892 824 inuiolataque
916 748 1009 804 stare
1032 741 1260 819 decernimus,
1283 751 1317 808 et

260 843 464 907 infractores
490 864 609 908 eorum
635 851 777 908 aeterna
801 842 1041 905 maledictione
1063 841 1313 924 dampnamus;

261 944 501 1009 obseruatores
522 952 639 1008 autem
654 943 757 1007 huius
772 942 946 1006 firmitatis
966 941 1114 1023 gratiam
1130 950 1166 1006 et
1182 944 1315 1007 miseri-

260 1044 412 1108 cordiam
435 1064 456 1108 a
479 1045 617 1109 domino
633 1044 796 1126 consequi
816 1049 1024 1106 mereantur.
1070 1042 1187 1106 Causa
1207 1043 1315 1125 igitur

258 1144 476 1209 infractionis
493 1146 603 1209 nostri
625 1145 799 1227 priuilegii
822 1143 866 1207 ad
892 1150 1049 1225 posteros
1073 1150 1211 1207 nostros
1236 1165 1312 1227 per-

259 1245 391 1310 ueniat.
443 1246 575 1309 Datum
600 1245 792 1309 Rauennae
818 1246 905 1308 ‚1x⁰.
928 1242 1096 1307 kalendas
1120 1243 1313 1308 Februarii.

258 1344 459 1427 Cognoscat
483 1365 566 1427 ergo
590 1345 793 1426 magnitudo
817 1363 879 1407 seu
904 1345 1039 1408 utilitas
1064 1351 1184 1407 uestra
1207 1364 1312 1427 quam

258 1445 473 1509 decernimus
491 1453 526 1509 et
539 1447 575 1509 in
590 1452 796 1528 perpetuum
817 1463 1018 1507 mansurum
1034 1444 1192 1508 iubemus
1207 1452 1313 1529 atque

258 1547 512 1624 constituimus
526 1553 566 1609 ut
582 1566 645 1628 pro
668 1546 863 1609 reuerentia
886 1545 1111 1627 reliquiarum
1133 1545 1312 1626 gloriosis-

256 1645 335 1710 simi
355 1647 504 1729 apostoli
524 1645 632 1724 Petri,
650 1653 685 1709 et
707 1665 771 1728 pro
787 1645 903 1727 quiete
919 1644 1164 1708 monachorum
1184 1646 1310 1709 ibidem

256 1748 321 1811 deo
349 1747 603 1823 famulantium,
633 1746 744 1810 honor
773 1751 808 1809 et
834 1744 912 1808 laus
944 1743 1096 1808 eiusdem
1121 1746 1310 1810 aecclesiae

256 1847 426 1912 habeatur
442 1855 478 1912 et
491 1849 712 1926 obseruatur3
736 1846 770 1910 id
784 1851 838 1908 est
853 1853 893 1909 ut
908 1846 1064 1928 quisquis
1081 1846 1309 1927 fugitiuorum

256 1967 319 2030 pro
348 1948 504 2031 quolibet
535 1948 665 2011 scelere
698 1947 742 2010 ad
780 1945 973 2028 praefatam
1005 1945 1184 2010 basilicam
1215 1948 1308 2013 beati

255 2049 404 2130 apostoli
441 2046 592 2130 fugiens,
628 2047 844 2131 procinctum
881 2046 955 2109 eius
997 2046 1193 2124 intrauerit,
1233 2047 1308 2113 siue

255 2149 372 2231 pedes,
386 2149 461 2213 siue
477 2167 595 2231 eques,
619 2149 693 2211 siue
717 2147 760 2210 de
784 2148 881 2210 curia
904 2146 1027 2227 regali,
1055 2147 1130 2210 siue
1153 2147 1196 2211 de
1222 2149 1306 2212 ciui-

255 2255 340 2326 tate,
368 2250 442 2312 siue
469 2249 511 2312 de
538 2248 635 2325 uilla,
662 2267 724 2311 seu
749 2247 982 2328 cuiuscunque
1010 2246 1218 2312 conditionis
1249 2250 1307 2327 sit,

253 2368 460 2432 quocunque
477 2348 603 2413 delicto
620 2347 782 2412 facinoris
798 2354 920 2411 contra
933 2366 997 2411 nos
1014 2346 1071 2410 uel
1085 2348 1308 2413 succedentes

254 2468 355 2531 reges
377 2446 584 2530 Anglorum,
607 2449 665 2512 uel
687 2454 809 2512 contra
832 2447 939 2510 alium
962 2448 1150 2529 quemlibet
1171 2448 1306 2513 fidelem

254 2558 397 2613 sanctae
431 2549 619 2613 aecclesiae
655 2548 710 2612 dei
742 2546 940 2611 forisfactus
974 2548 1032 2626 sit,
1062 2549 1240 2613 relaxetur
1273 2558 1308 2614 et

252 2649 428 2728 liberetur,
447 2657 482 2713 et
500 2650 610 2712 uitam
629 2656 735 2730 atque
752 2649 906 2711 membra
926 2648 1056 2730 absque
1077 2648 1150 2712 ulla
1166 2656 1304 2714 contra·

253 2749 403 2814 dictione
435 2749 601 2814 obtineat.
667 2748 855 2813 Praeterea
890 2749 1151 2813 interminamur
1186 2749 1306 2816 diuina

252 2851 461 2914 auctoritate
478 2857 514 2914 et
533 2856 652 2913 nostra
674 2856 714 2912 ut
731 2868 842 2930 neque
864 2868 928 2913 nos
953 2869 1064 2933 neque
1089 2869 1306 2915 successores

252 2950 374 3029 nostri,
392 2970 504 3033 neque
519 2949 665 3032 quilibet
681 2950 865 3032 episcopus
877 2949 935 3014 uel
950 2950 1228 3033 archiepiscopus
1242 2973 1306 3018 nee

251 3052 448 3134 quicunque
474 3051 517 3114 de
538 3051 718 3113 iudiciaria
742 3056 928 3133 potestate,
947 3049 983 3112 in
1008 3052 1120 3132 ipsam
1146 3059 1303 3116 sanctam

251 3151 429 3214 basilicam
449 3150 507 3214 uel
525 3151 562 3213 in
583 3158 763 3214 manentes
782 3152 819 3214 in
839 3151 928 3233 ipsa,
943 3149 1000 3212 uel
1019 3149 1055 3212 in
1072 3150 1226 3216 homines
1243 3136 1303 3235 qui

251 3271 329 3315 cum
351 3269 416 3314 sua
437 3252 632 3315 substantia
662 3251 718 3314 uel
748 3252 852 3314 rebus
873 3250 917 3313 ad
946 3250 1059 3332 ipsam
1083 3251 1218 3315 tradere
1245 3254 1304 3317 uel

249 3351 421 3415 deuouere
436 3370 473 3413 se
489 3351 673 3429 uoluerint,
697 3351 763 3414 nisi
782 3370 848 3433 per
869 3350 1085 3414 uoluntatem
1108 3352 1244 3417 abbatis
1268 3362 1304 3419 et

250 3440 392 3515 suorum
408 3450 654 3514 monachorum
676 3450 784 3514 ullam
804 3469 957 3532 unquam
976 3450 1127 3516 habeant
1146 3460 1301 3533 potesta·

251 3559 340 3628 tem;
368 3550 428 3614 sed
454 3551 501 3614 sit
527 3550 612 3613 haec
638 3558 760 3614 sancta
790 3557 902 3614 mater
924 3551 1092 3614 aecclesia
1117 3552 1302 3634 peculiaris

249 3652 387 3734 patroni
404 3651 514 3714 nostri
528 3651 620 3714 beati
635 3650 733 3714 Petri
748 3651 897 3733 apostoli
910 3650 1018 3714 libera
1032 3658 1068 3714 et
1082 3653 1242 3717 absoluta
1258 3657 1302 3720 ab

249 3753 341 3816 omni
355 3752 535 3815 inuasione
550 3752 606 3815 uel
623 3751 861 3833 inquietudine
877 3750 1027 3814 omnium
1046 3750 1234 3833 hominum,
1245 3775 1302 3819 cu-

247 3852 441 3934 iuscunque
455 3851 585 3915 ordinis
598 3852 654 3916 uel
667 3852 852 3934 potestatis
864 3865 940 3922 essse
951 3851 1146 3916 uideantur.
1171 3852 1215 3916 In
1227 3875 1300 3920 ma-

247 3954 344 4016 neria
359 3972 443 4016 uero
465 3952 523 4015 uel
547 3959 662 4016 curtes
681 3952 860 4034 praefatae
879 3951 1044 4015 basilicae
1060 3952 1110 4016 sie
1128 3960 1163 4017 et
1183 3955 1242 4018 ubi
1263 3957 1300 4021 in

246 4072 471 4137 quascunque
494 4054 653 4135 regiones
673 4054 730 4117 uel
753 4072 864 4135 pagos
886 4054 922 4115 in
940 4071 1048 4134 regno
1065 4060 1185 4117 nostro
1201 4059 1298 4138 quie-

245 4153 328 4237 quid
348 4173 370 4217 a
387 4154 442 4217 die
464 4155 639 4236 praesenti
659 4155 773 4237 ipsum
795 4154 1043 4218 monasterium
1066 4154 1243 4236 possidere
1263 4166 1298 4223 et
