2858 4890
379 364 552 415 1111111111
574 362 918 412 suowsnxourcnn.
1105 345 1171 410 297

104 525 234 589 derans
269 530 444 600 euentum,
478 522 680 603 cunctisque
719 521 982 587 succedentibus
1017 521 1168 585 desider·

105 644 172 688 ans
191 644 270 689 esse
291 623 499 700 consultum,
517 630 552 687 et
569 630 608 686 nt
623 622 698 703 ipse
724 622 761 684 in
784 621 960 686 tremendo
980 622 1097 704 magni
1115 623 1168 684 iu·

106 725 190 788 dicii
205 725 274 802 die,
289 731 487 789 sanctorum
510 722 711 806 patrociniis
731 721 1000 803 suffragantibus
1015 721 1170 785 haeredi-

108 825 195 889 tatis
228 844 398 908 supernae
431 822 593 888 cohaeres
625 821 713 885 effici
739 840 882 899 merear,
913 822 978 886 deo
1012 823 1170 903 omnipo·

108 925 212 1002 tenti,
229 932 266 989 et
279 931 401 989 sancto
416 921 555 988 Albano
571 922 685 1003 gentis
701 919 894 1003 Anglorum
913 922 1170 1004 protomartyri,

110 1024 324 1108 Christoque
344 1023 509 1088 seruienti
536 1021 780 1085 monachorum
806 1021 956 1085 familiae
982 1023 1109 1085 celebri
1134 1024 1170 1085 in

109 1124 189 1190 loco
208 1126 268 1207 qui
285 1125 388 1189 solito
405 1129 451 1187 aet
462 1121 809 1203 Uueatlingaceastre
830 1132 1050 1203 nuncupatur
1067 1142 1172 1187 uoca-

110 1225 211 1302 bulo,
239 1233 320 1289 octo
359 1242 557 1288 mansarum
591 1223 797 1304 portionem,
838 1221 973 1285 duobus
1012 1222 1048 1285 in
1086 1223 1172 1286 locis

110 1344 228 1407 aequa
247 1325 457 1389 dimensione
482 1323 597 1398 sitam,
623 1323 724 1384 .1111⁰‘.
743 1321 905 1386 uidelicet
923 1330 970 1386 aet
988 1322 1172 1404 Byrstane,

113 1424 275 1489 similiter
300 1432 335 1489 et
362 1425 523 1488 .1111⁰¹.aet
541 1420 794 1499 Uuincelfelda,
815 1441 893 1484 cnm
920 1443 1043 1486 nouem
1073 1442 1173 1504 prae·

112 1525 210 1589 fatae
231 1524 384 1589 ciuitatis
410 1520 628 1598 habitaculis,
652 1540 742 1604 quae
769 1524 882 1603 patria
907 1523 1027 1604 lingua
1044 1522 1173 1603 Hagen

113 1624 286 1707 appellari
303 1623 427 1700 solent,
442 1630 590 1704 octoque
612 1621 788 1703 iugeribus
813 1629 860 1686 set
875 1622 1114 1698 Westuuican,
1131 1621 1174 1684 ad

113 1725 207 1788 idem
223 1724 470 1788 monasterium
495 1741 605 1804 aeque
632 1722 894 1804 pertinentibus,
911 1722 1037 1785 deuota
1061 1730 1176 1785 mente

114 1824 307 1889 secundum
330 1823 514 1906 pristinum
528 1822 725 1885 renouando
744 1823 900 1898 restituo,
917 1831 952 1885 et
963 1821 1176 1886 restituendo

114 1926 154 1989 in
187 1924 327 1989 nomine
356 1923 485 1987 domini
506 1922 617 1985 nostri
644 1921 749 1985 Ihesu
773 1922 903 1986 Christi
926 1923 1113 2004 praecipio,
1139 1931 1178 1986 ut

116 2023 248 2088 nullius
265 2023 398 2088 altioris
418 2030 480 2087 aut
499 2022 670 2086 inferioris
688 2021 867 2103 dignitatis
888 2041 1047 2105 persona,
1063 2030 1125 2084 aut
1141 2024 1176 2084 in

117 2125 249 2190 nostris
270 2124 344 2188 siue
369 2141 605 2187 successorum
627 2130 823 2185 nostrornm
849 2123 1073 2203 temporibus,
1089 2121 1178 2184 hanc

119 2244 226 2307 quam
253 2223 430 2306 praefatus
455 2242 531 2286 sum
561 2222 754 2305 portionem
785 2221 828 2285 de
854 2221 1033 2305 praedicta
1064 2223 1176 2285 sancti

120 2324 285 2409 martyris
311 2321 479 2387 aecclesia
501 2321 635 2386 auferre
656 2322 712 2385 uel
734 2322 887 2385 minnere
906 2322 1060 2404 qualibet
1079 2341 1179 2386 occa-

121 2426 218 2488 sione
247 2429 466 2506 praesnmat3
500 2421 561 2485 sed
589 2422 655 2485 hoc
678 2441 775 2485 meae
804 2423 1038 2486 renouationis
1065 2423 1179 2487 inuio·

123 2525 219 2589 labili
236 2524 363 2605 iugiter
379 2529 613 2605 permanente,
629 2529 664 2585 et
679 2529 801 2587 contra
825 2522 941 2587 omnia
966 2523 1179 2587 aemulorum

123 2623 402 2689 machinamenta
441 2622 664 2704 praeualentc
695 2620 936 2705 chirographo,
967 2622 1180 2705 praedictum

124 2723 370 2789 monasterium
393 2722 437 2787 ab
460 2723 554 2786 omni
576 2721 771 2785 mundanae
788 2723 965 2786 seruitutis
982 2724 1075 2805 iugo,
1091 2723 1183 2786 sicut

124 2825 320 2890 continetur
348 2823 384 2886 in
410 2823 520 2886 ueteri
544 2821 680 2886 1111111
707 2840 810 2904 quam
839 2821 918 2886 Offa
948 2842 1010 2886 rex
1035 2821 1184 2886 Mercio-

125 2945 202 2988 rum
217 2922 408 2987 dictitando
433 2923 626 3004 conposuit,
644 2930 680 2985 et
699 2920 780 2985 fecit
799 2941 874 2986 esse
898 2922 1116 3004 priuilegium
1138 2922 1183 2985 ob

126 3025 372 3106 monimentum
392 3023 544 3085 omnium
560 3020 816 3085 succedentium
834 3042 952 3103 regum
966 3022 1009 3086 de
1026 3021 1184 3085 omnibns

127 3126 230 3188 rebus
247 3142 335 3206 quas
356 3121 421 3186 deo
444 3121 586 3186 tradidit
607 3129 642 3185 ct
658 3128 780 3186 sancto
801 3122 945 3205 martyri
960 3120 1098 3186 Albano
1120 3141 1184 3203 pro

128 3223 279 3289 remedio
313 3222 448 3286 animae
476 3241 571 3286 suae.
618 3220 763 3298 iccirco,
786 3241 850 3303 ego
880 3222 942 3286 tali
974 3228 1185 3305 prouocatus

127 3322 301 3405 exemplo,
334 3341 502 3387 renouare
532 3322 686 3404 cupiens,
721 3327 838 3386 statuo
879 3330 917 3386 ut
950 3341 1187 3405 quaecumque

128 3423 326 3508 praedictus
346 3430 409 3487 rex
425 3421 590 3499 decreuit,
606 3422 812 3484 inconcussa
832 3428 867 3486 et
886 3421 986 3484 firma
1003 3431 1187 3506 perpetua·

128 3525 209 3589 liter
237 3522 445 3605 perdurent;
475 3529 511 3587 et
533 3530 653 3587 nostra
675 3520 893 3598 anctoritate,
912 3523 1028 3586 omnia
1049 3543 1070 3586 a
1090 3520 1188 3586 nobis

129 3623 270 3696 tradita,
299 3629 370 3687 una
397 3641 476 3686 cnm
500 3623 659 3686 omnibus
691 3640 780 3703 quae
808 3621 853 3685 ad
883 3630 1041 3686 sanctum
1074 3624 1188 3704 ipsum

131 3726 246 3789 locum
271 3723 442 3803 pertinere
464 3721 726 3804 dignoscuntur,
741 3723 884 3803 campis,
900 3724 1050 3804 pascuis,
1066 3723 1188 3804 pratis,

133 3824 245 3900 siluis,
268 3828 411 3887 eatenus
436 3821 507 3884 sint
531 3821 651 3897 libera,
674 3819 794 3885 eadem
817 3822 976 3885 libertate
998 3842 1068 3904 qua
1093 3841 1190 3904 prae·

133 3924 299 4000 diximus,
325 3929 365 3986 ut
382 3921 466 3984 inibi
484 3920 548 3984 deo
568 3921 788 3998 famulantes,
810 3929 881 3985 tam
901 3942 964 4005 pro
981 3922 1066 3985 meis
1086 3941 1189 4003 quam

135 4043 198 4107 pro
226 4022 379 4085 omnium
407 4020 709 4103 praedecessorum
733 4041 886 4085 meorum
914 4022 1085 4102 deliquiis,
1117 4021 1192 4084 sine

138 4124 209 4188 ulla
237 4122 364 4186 terreni
390 4128 590 4205 potentatus
603 4185 605 4189 ,
620 4122 789 4199 molestia,
815 4122 941 4188 cotidie
968 4120 1193 4185 saluberrima
