2858 4890
449 371 622 421 ennnrsn
646 372 987 422 ancnosnxorucnu.
1183 356 1249 420 209

189 533 332 609 propter
353 547 418 610 ego
438 529 644 594 AEtielredus
671 531 779 594 totius
799 529 958 594 Albionis
988 531 1137 595 basileos
1168 552 1245 596 meo

189 625 281 690 fideli
310 629 482 693 sacerdoti
505 630 654 694 Wuliric
685 631 823 694 nomine
849 650 912 712 pro
935 632 1085 695 remedio
1108 633 1243 696 animae

188 745 297 806 meae,
316 729 468 812 aliquam
490 731 579 793 ruris
604 729 821 813 particulam,
838 749 939 795 unam
964 732 1124 796 uidelicet
1144 751 1241 795 man-

188 846 275 904 sam,
306 829 418 892 tribus
445 830 481 893 in
508 830 606 907 locis,
633 830 808 895 dimidiam
836 851 990 895 mansam
1016 832 1052 895 in
1078 832 1155 896 loco
1182 832 1241 914 qui

188 927 315 991 dicitur
333 937 380 993 aet
397 929 602 1007 Borstealle,
628 938 663 994 et
688 929 863 994 dimidiam
892 950 1047 994 mansam
1075 940 1121 995 aet
1141 931 1241 995 Haes-

189 1033 247 1090 tan
265 1028 322 1091 dic
338 1037 374 1092 et
390 1035 437 1093 aet
454 1029 625 1107 Gnollam,
646 1031 766 1095 libenti
789 1031 904 1094 animo
924 1032 1116 1114 perpetuali
1139 1031 1240 1095 liber·

188 1133 259 1191 tate
274 1128 422 1210 largitus
440 1148 533 1210 snm;
552 1138 602 1206 ut,
614 1131 690 1195 uita
703 1131 839 1207 comite,
850 1130 976 1195 habeat
997 1132 1240 1214 possideatque

187 1227 220 1289 in
236 1235 413 1293 aeternam
431 1228 678 1295 haereditatem
694 1250 772 1293 cum
787 1231 945 1294 omnibus
962 1231 1006 1294 ad
1024 1251 1061 1295 se
1079 1233 1144 1295 rite
1160 1252 1238 1314 per·

188 1327 388 1407 tinentibus,
405 1329 522 1408 idest,
538 1331 688 1414 pascuis,
703 1330 824 1412 pratis,
841 1330 1008 1413 siluisque
1021 1352 1029 1410 3
1049 1340 1084 1395 et
1100 1332 1238 1414 quando

187 1427 227 1491 de
250 1429 317 1492 hoc
334 1430 462 1494 mundo
487 1430 630 1495 uolubili
652 1430 852 1512 migrauerit
874 1431 1077 1515 cuicumque
1100 1432 1238 1496 haeredi

187 1528 336 1593 noluerit
353 1531 494 1594 tribuat.
546 1531 599 1595 Sit
617 1536 734 1595 antem
756 1549 816 1593 rus
838 1531 1050 1613 praedictum
1072 1532 1107 1595 in
1131 1533 1238 1596 omni-

186 1629 249 1693 bus
267 1630 412 1694 liberum
434 1630 664 1694 mundialibus
688 1631 814 1707 causis
837 1633 991 1713 exceptis
1014 1633 1091 1695 istis
1116 1634 1237 1710 tribus,

185 1729 357 1808 uidelicet,
379 1730 610 1813 expeditione,
635 1731 752 1813 pontis
783 1732 940 1813 arcisque
970 1733 1237 1797 constructione.

186 1829 221 1894 Si
237 1837 354 1895 autem
372 1831 509 1914 aliquis,
524 1830 616 1912 quod
632 1850 702 1894 non
722 1831 892 1913 cupimus,
908 1829 1050 1895 inflatus
1066 1831 1238 1896 diabolica

185 1931 390 2008 temeritate,
417 1931 548 2013 aliquid
578 1931 613 1994 in
640 1931 705 1995 hoc
726 1940 845 1994 nostro
884 1930 975 1994 dono
1006 1939 1140 1995 mutare
1180 1932 1237 1995 uel

184 2031 339 2094 minuere
364 2031 598 2113 temptauerit,
629 2031 719 2095 sciat
748 2050 785 2095 se
818 2030 1043 2114 proculdubio
1070 2033 1105 2094 in
1137 2051 1237 2096 uora-

183 2131 322 2211 ginibus
350 2131 523 2195 ultricium
550 2130 765 2195 flammarum
787 2131 914 2212 iugiter
938 2150 1109 2210 arsurum,
1138 2140 1174 2195 et
1201 2133 1235 2195 in

183 2236 361 2294 aeternum
379 2232 581 2314 periturum,
590 2230 658 2295 nisi
669 2231 765 2314 prius
782 2231 847 2294 hoc
865 2230 972 2312 digna
988 2230 1237 2308 satisfactione,

183 2329 246 2394 deo
264 2330 414 2410 fauente,
439 2331 611 2395 studuerit
641 2330 833 2395 emendare.
896 2331 1087 2395 Territoria
1119 2339 1236 2395 autem

183 2430 286 2494 huius
313 2432 403 2495 ruris
429 2432 473 2495 ab
499 2431 621 2495 incolis
650 2431 701 2494 sic
733 2430 898 2495 distincta
928 2439 963 2495 et
993 2431 1237 2495 circumcincta

183 2530 352 2595 clarescit.
404 2531 505 2595 Haec
535 2537 650 2595 autem
679 2530 821 2594 scedula
852 2538 1036 2595 carraxata
1067 2540 1119 2595 est
1144 2551 1236 2596 anno

183 2630 375 2696 dominicae
388 2631 636 2696 incarnationis
650 2647 933 2694 mccccmxxxv.
943 2631 1129 2694 indictione
1141 2648 1236 2696 ‚x111.

184 2730 249 2796 hiis
266 2733 414 2797 testibus
430 2729 724 2796 consentientibus
739 2750 883 2813 quornm
902 2731 1041 2794 nomina
1057 2730 1147 2794 infra
1162 2751 1237 2795 car-

183 2839 309 2896 raxata
332 2839 424 2897 sunt.

239 2934 279 3014 ›1‹
302 2932 378 3014 Ego
403 2931 609 2998 AE'oelredns
634 2952 696 2996 rex
712 2931 906 3015 Anglorum
928 2933 1017 2998 hanc
1040 2952 1150 2997 meam
1174 2933 1235 2997 do·

183 3032 358 3096 nationem
385 3051 463 3097 cum
493 3052 664 3097 consensu
690 3033 941 3116 episcoporum,
968 3034 1093 3097 ducum
1117 3040 1153 3098 et
1174 3052 1235 3114 op-

183 3133 343 3196 timatum
360 3152 513 3197 meorum
537 3133 684 3196 libenter
699 3134 866 3197 concessi.
924 3133 963 3214 ›1‹
979 3133 1055 3215 Ego
1071 3132 1234 3196 Dunstau

182 3233 460 3316 archiepiscopus
488 3231 768 3310 Dorouernensis
794 3232 981 3296 aecclesiae
1019 3252 1096 3295 cum
1134 3232 1235 3312 signo

183 3334 294 3396 crucis
315 3330 446 3397 Christi
471 3331 682 3396 confirmani.
741 3333 780 3414 ›1‹
796 3333 872 3415 Ego
895 3331 1035 3396 Oswold
1058 3332 1234 3396 Eboracae

176 3432 334 3497 ¹ciuitatis
352 3427 630 3515 archiepiscopus
647 3433 759 3496 crucis
784 3440 939 3497 taumate
956 3431 1132 3495 adnotaui.
1190 3432 1229 3513 ›1‹

182 3530 419 3614 EgoAElfstan
433 3531 687 3596 Lundoniensis
704 3533 801 3602 urbis,
813 3533 1114 3614 superspeculator
1128 3531 1236 3594 uexil-

180 3631 251 3696 lum
267 3627 409 3697 sanctae
424 3632 536 3697 crucis
550 3631 765 3714 consignaui.
825 3633 864 3714 ›1‹
876 3632 953 3714 Ego
964 3631 1125 3696 AEltheah
1138 3631 1236 3695 Win-

179 3733 349 3797 toniensis
365 3732 520 3798 ciuitatis
536 3733 675 3818 praesul
691 3732 896 3816 trophaeum
913 3732 1014 3814 agiae
1027 3733 1136 3797 crucis
1153 3750 1234 3794 con·

182 3832 339 3896 solidani.

232 4236 318 4284 Tou.
335 4236 388 4283 111.
