2858 4890
184 353 250 418 222
449 372 621 419 curaris
645 371 987 420 rncnosuxorucru.

184 527 364 612 Godwyne
395 529 562 593 minister.
620 533 659 612 *1⁴
676 530 751 612 Ego
769 528 944 612 AEdelsige
970 529 1138 593 minister.
1196 528 1235 608 ›1‹

184 629 331 692 Osward
363 627 527 693 minister.
560 630 683 711 *14Eg0
699 631 878 695 AE’delmer
902 630 1066 693 minister.
1109 631 1148 710 *1⁴
1165 627 1241 709 Ego

184 727 334 809 AElfsige
365 728 449 792 dux.
519 732 558 811 *1⁴
581 730 656 811 Ego
674 729 841 795 Leofstan
866 730 1033 794 minister.
1097 731 1141 810 ›1‹
1164 728 1241 810 Ego

184 826 381 892 AEbelward
400 827 566 893 minister.
618 832 657 912 ›1‹
676 830 752 912 Ego
770 827 971 914 AEiielwyne
986 830 1152 893 minister.

234 927 364 992 Rubrio.
430 930 485 992 De
521 929 676 994 Litletun
710 950 814 1013 quam
852 950 912 994 rex
945 928 1109 994 AEdelred
1144 928 1241 992 dedit

185 1027 351 1092 Uuenobo
374 1029 532 1092 ministro
552 1049 627 1094 suo.
679 1075 682 1080 ,

643 1324 789 1390 ncuv.

512 1443 810 1551 *narrum
832 1473 906 1536 osc.

238 1619 529 1703 ffiAnrrrunouo
552 1622 588 1685 in
611 1630 789 1686 aeternum
812 1623 1002 1704 regnante!
1056 1622 1167 1687 Uaria
1189 1644 1241 1688 re-

184 1741 259 1784 rum
275 1721 458 1804 dispositio
483 1742 546 1785 suo
570 1723 713 1786 cunctis*
723 1721 890 1805 patefacit
903 1721 1040 1786 defectu
1062 1724 1239 1806 sophistis,

183 1821 289 1885 nichil
326 1823 482 1904 practica
510 1841 807 1906 aerumpnosaque
834 1829 994 1887 constare
1022 1823 1109 1901 uita,
1146 1825 1240 1906 quod

185 1928 259 1985 tum
291 1922 334 1984 ad
366 1922 507 1986 fatalem
540 1923 633 1987 uitae
661 1923 844 1987 terminum
873 1941 952 1986 cum
977 1921 1145 1987 dedecore
1171 1944 1238 1987 non

183 2022 314 2098 tendat,
338 2022 518 2105 omnisque
556 2023 630 2085 eius
663 2023 875 2104 prosperitas
904 2029 979 2086 tum
1012 2022 1241 2102 allubescens,

183 2128 223 2184 ut
239 2122 389 2185 uesicam
402 2128 599 2204 turgentem
614 2122 729 2186 fatuos
752 2121 865 2199 infiat,
884 2123 1073 2204 itidemque
1088 2130 1129 2186 ut
1142 2124 1239 2206 uligo

182 2228 295 2284 terrae
321 2241 531 2286 euanescens
559 2222 754 2286 aduersitas
782 2222 961 2305 inopinate
991 2224 1239 2304 superueniens

183 2321 391 2386 miserrimos
403 2323 599 2386 calcetenus
611 2322 793 2406 dispergit,
808 2323 915 2405 igitur
923 2329 996 2400 tam
1010 2322 1135 2385 lubrici
1147 2323 1239 2406 regi·

182 2440 262 2484 men
277 2428 478 2502 potentatus
494 2422 581 2486 nulli
604 2423 744 2486 dubium
768 2443 846 2486 cum
868 2441 997 2504 magna
1019 2423 1130 2485 teneri
1153 2423 1240 2488 diiii·

182 2521 312 2583 cultate
330 2520 404 2584 fieri
423 2529 548 2604 potest.
603 2521 834 2600 Quamobrem
857 2542 922 2603 ego
938 2522 1105 2587 AEselred
1127 2542 1239 2587 annu·

183 2626 262 2683 ente
292 2623 417 2683 summi
454 2622 681 2686 moderatoris
721 2622 914 2699 clementia,
937 2619 1134 2703 Anglorum
1174 2624 1238 2688 rite

182 2719 318 2783 dicatus
340 2721 491 2784 basileus
507 2721 713 2803 optimatum
730 2741 884 2786 meorum
903 2722 1043 2786 dominu
1060 2723 1238 2788 muniente

182 2821 227 2883 oh
256 2821 354 2901 regni
380 2819 579 2885 defensione
606 2821 793 2902 plurimum
816 2821 977 2903 indigens
1005 2821 1239 2901 amminiculo,

182 2920 357 3002 quandam
377 2919 467 2984 ruris
491 2919 696 3002 particulam
712 2922 748 2984 in
762 2921 840 2985 loco
857 2922 915 3003 qui
937 2941 959 2984 a
982 2922 1149 3002 gnosticis
1168 2923 1238 2987 Eb-

181 3020 365 3084 blesburne
388 3028 609 3102 nuncupatur
626 3038 669 3084 .v.
688 3021 850 3084 uidelicet
866 3021 1078 3085 manentium
1099 3025 1238 3103 quanti·

182 3127 267 3195 tate,
284 3121 421 3183 cuidam
444 3120 548 3184 michi
572 3119 700 3202 oppido
720 3120 813 3184 fideli
829 3121 987 3184 ministro
1004 3121 1065 3203 qui
1087 3123 1238 3188 nobilia

181 3220 302 3299 peritis
334 3220 472 3302 AElsgar
505 3227 725 3302 nuncupatur
753 3228 927 3298 onomate,
950 3222 994 3284 ob
1028 3221 1103 3283 eius
1136 3221 1238 3287 fidele

181 3319 384 3400 obsequium
417 3319 508 3402 quod
534 3338 618 3400 erga
645 3340 700 3382 me
727 3320 867 3383 sedulus
900 3320 1068 3397 exhibuit,
1096 3328 1239 3387 aeterna

181 3416 329 3498 largitus
358 3439 433 3482 sum
461 3419 686 3497 haereditate,
711 3427 883 3500 quatenus
911 3421 985 3502 ipse
1013 3419 1089 3484 uita
1113 3423 1239 3487 comite

181 3535 260 3580 cum
278 3519 436 3581 omnibus
459 3517 664 3581 utensilibus
682 3515 901 3601 quae'almus
920 3519 1028 3583 cosmi
1049 3518 1239 3587 fabricator

181 3616 215 3679 in
230 3617 308 3698 ipsa
320 3617 453 3681 telluris
468 3617 575 3681 edidit
589 3619 782 3700 superficie,
798 3619 920 3702 pratis,
934 3619 1077 3696 scilieet,
1086 3625 1238 3701 pascuis,

181 3716 291 3792 siluis,
319 3717 474 3781 hilariter
499 3717 700 3799 possideat3
736 3725 771 3783 et
800 3726 879 3800 post
911 3738 949 3782 se
975 3719 1238 3803 quibuscunque

181 3816 328 3879 uoluerit
342 3817 545 3881 cleronomis
562 3818 748 3881 immunem
764 3819 838 3882 uoti
852 3836 993 3900 compos
1009 3818 1236 3902 derelinquat.

181 3915 218 3978 Si
240 3923 357 3979 autem
380 3922 534 4000 tempore
557 3918 742 4000 contigerit
764 3919 881 4000 aliquo
904 3919 1102 4000 quempiam
1127 3918 1237 3984 homi·

91 4056 98 4070 .
181 4035 262 4078 num
288 4016 437 4099 aliquem
465 4016 618 4080 libellum
644 4019 688 4080 ob
711 4018 856 4082 istarum
885 4018 1023 4100 apicum
1046 4017 1239 4085 adnichila-

180 4115 308 4179 tionem
325 4116 360 4179 in
377 4117 492 4199 palam
510 4117 711 4200 producere,
729 4118 775 4182 sit
792 4117 995 4182 omnimodis
1016 4119 1061 4182 ah
1077 4120 1239 4185 omnibus
