2858 4890
436 378 610 431 casnm
631 378 974 428 ancuosuoxrcns.
1175 365 1242 429 249

185 540 247 610 est,
280 553 345 598 suo
386 535 606 600 aeternaliter
644 538 834 620 mancipari
872 539 1038 602 coenobio
1077 538 1239 615 almifico,

185 653 288 716 quam
306 634 437 699 diutius
460 634 544 700 fisco
561 637 670 718 regali
685 637 743 700 uel
757 637 898 702 cuilibet
917 647 1053 703 terreno
1074 638 1240 702 audacter

183 734 361 798 subiacere
389 736 540 817 negotio.
601 738 740 801 Decens
764 747 818 802 est
843 739 934 801 enim
958 748 997 802 ut
1017 739 1113 802 locus
1136 759 1238 821 quem

182 854 248 897 suo
279 836 513 899 sacratissimo
546 839 735 919 agonizans
762 857 826 920 pro
858 837 997 901 Christo
1027 840 1176 921 aspersit
1204 850 1239 902 et

183 935 338 998 sacrauit
373 954 506 1013 cruore,
528 937 573 1000 ad
605 939 718 1020 ipsum
758 939 1005 1020 perpetualiter
1046 949 1242 1002 reuertatur

185 1034 313 1113 locum,
332 1035 392 1099 ubi
413 1036 544 1119 etipse
565 1039 730 1123 martyrio
753 1037 906 1120 expleto,
928 1039 1043 1121 capite
1068 1048 1241 1115 truncato,

184 1135 344 1199 brauium
362 1135 510 1200 coeleste
526 1144 561 1201 et
576 1139 867 1201 immarcessibilis
889 1139 983 1202 uitae
1000 1140 1125 1202 meruit
1143 1159 1241 1203 coro·

186 1255 278 1299 nam.
346 1234 427 1300 Hoc
455 1255 577 1320 nempe
604 1257 702 1302 meae
732 1237 942 1320 dapsilitatis
973 1238 1241 1303 emolumentum

187 1335 299 1399 libens
327 1337 393 1400 snb
420 1337 587 1400 aeternali
611 1338 772 1402 libertate
794 1338 939 1402 liberum
965 1339 1129 1415 concedo,
1151 1341 1242 1404 sicut

187 1437 322 1500 abauus
342 1438 586 1520 praedecessor
610 1457 707 1501 meus
724 1437 815 1514 Offa,
838 1439 981 1514 scilicet,
1001 1460 1062 1502 rex
1090 1440 1242 1517 inclitus,

189 1537 305 1600 omnia
325 1557 415 1619 quae
440 1539 516 1620 ipse
542 1538 586 1601 ad
610 1540 723 1620 ipsum
746 1540 948 1602 coenobium
971 1539 1117 1603 contulit
1140 1540 1242 1603 liber-

188 1644 260 1700 tate
296 1636 431 1702 ditauit
499 1637 628 1702 Eadem
665 1640 807 1720 inquam
839 1640 997 1703 libertate
1029 1660 1097 1703 non
1129 1640 1241 1702 solum

189 1736 276 1801 hane
300 1738 611 1819 possessiunculam
631 1739 772 1803 liberam
790 1740 900 1802 libens
915 1749 1045 1816 statuo,
1061 1740 1121 1804 sed
1138 1741 1242 1804 etiam

190 1838 353 1920 quicquid
376 1858 398 1902 a
417 1839 548 1921 meipso
569 1839 626 1901 uel
648 1860 670 1902 a
691 1840 846 1920 qualibet
861 1860 1008 1923 persona
1027 1842 1148 1904 maiori
1169 1841 1243 1904 siue

190 1939 314 2002 minori
345 1940 390 2002 ab
417 1937 491 2002 heri
520 1947 556 2003 et
585 1939 847 2017 nudiustertius,
874 1951 909 2004 et
942 1942 1024 2003 exin
1058 1959 1166 2022 usque
1199 1942 1243 2004 ad

189 2039 374 2103 terminum
405 2039 506 2102 istius
535 2040 726 2103 transitorii
757 2042 866 2122 regni,
902 2043 1063 2122 uitaeque
1094 2040 1244 2103 labantis

190 2145 347 2203 extrema
369 2139 489 2203 datum
506 2138 610 2203 suerit
632 2140 677 2203 ad
694 2140 884 2222 supradicti
900 2141 1061 2222 martyris
1077 2141 1244 2216 tumbam,

190 2240 254 2302 sub
286 2238 352 2303 hac
387 2240 557 2304 libertatis
588 2247 623 2304 et
649 2243 883 2304 renouationis
912 2241 1047 2304 cartula
1078 2242 1245 2304 aeternali

191 2340 352 2404 libertate
379 2348 580 2422 permaneat
599 2341 754 2404 liberum.
806 2340 851 2405 Et
874 2361 917 2404 ne
939 2341 1027 2405 sorte
1045 2342 1123 2424 quis
1145 2361 1245 2423 prae-

191 2442 342 2504 sentium
367 2439 426 2503 uel
456 2440 568 2522 magis
593 2440 787 2505 futurorum
815 2442 968 2522 ambiget
991 2461 1079 2523 quae
1108 2443 1155 2505 sit
1183 2441 1245 2505 illa

191 2540 346 2618 libertas,
376 2559 447 2624 qua
476 2541 590 2623 ipsum
619 2543 821 2606 coenobium
853 2562 916 2605 rex
947 2541 1133 2605 beneuolus
1167 2540 1246 2605 offa

192 2641 332 2718 ditauit,
354 2646 390 2704 et
411 2649 549 2723 egomet
569 2661 661 2706 nunc
680 2642 913 2706 confirmando
936 2644 1114 2718 renonem,
1132 2642 1245 2705 dicam

193 2741 308 2824 plane,
335 2740 427 2823 qnod
450 2742 655 2806 omnimodis
678 2751 805 2806 cuncta
826 2744 919 2806 illius
941 2743 1140 2805 monasterii
1165 2762 1246 2824 pos·

193 2843 302 2905 sessio
328 2840 433 2904 nullis
457 2850 510 2905 est
537 2843 689 2906 obnoxia
718 2843 821 2919 fiscis
844 2843 988 2917 scilicet,
1015 2863 1076 2906 nec
1103 2843 1245 2924 expedi-

193 2943 311 3020 tionis,
345 2960 409 3004 nec
443 2943 559 3024 pontis
592 2951 628 3006 et
658 2944 747 3006 arcis
781 2943 1028 3018 aedificamine,
1062 2962 1125 3005 nec
1161 2944 1245 3007 iuris

194 3042 322 3124 regalis
362 3040 545 3122 fragmine,
582 3062 646 3106 nec
684 3043 770 3106 suris
816 3042 1099 3126 apprehensione,
1138 3052 1173 3107 et
1208 3055 1248 3108 ut

194 3142 311 3206 omnia
342 3142 444 3205 simul
471 3142 768 3224 comprehendam,
800 3144 848 3206 nil
879 3143 980 3206 debet
1012 3145 1158 3220 exsolui,
1191 3145 1247 3206 uel

193 3242 285 3324 regis
311 3243 522 3325 praeposito,
550 3242 607 3305 uel
631 3244 798 3325 episcopi,
823 3242 879 3307 uel
917 3242 1026 3319 ducis,
1053 3245 1108 3307 uel
1142 3244 1245 3305 ullius

194 3342 354 3419 hominis,
372 3343 432 3406 sed
458 3362 559 3405 omne
581 3343 732 3406 debitum
755 3343 940 3406 exsoluant
961 3344 1099 3423 iugiter,
1125 3343 1183 3424 qui
1212 3344 1246 3406 in

193 3444 272 3525 ipsa
287 3443 505 3525 possessione
521 3442 660 3519 tuerint,
681 3443 724 3506 ad
749 3443 915 3525 praedicti
933 3444 1095 3524 martyris
1111 3463 1248 3507 mauso-

194 3543 298 3620 leum,
327 3542 515 3606 secundum
546 3543 639 3626 quod
674 3543 884 3606 ordinauerit
922 3544 1040 3619 abbaS,
1074 3545 1132 3626 qui
1171 3544 1247 3626 ipso

194 3642 382 3726 praefuerit
403 3643 580 3706 coenobio.
634 3642 766 3706 Notum
795 3645 898 3707 etiam
923 3644 1021 3705 uobis
1050 3645 1151 3725 cupio
1176 3645 1248 3708 fore

196 3751 362 3826 quantum
384 3743 532 3825 pretium
556 3762 620 3824 pro
642 3744 708 3807 hoc
730 3745 806 3825 ipso
830 3744 936 3805 abbas
959 3742 1069 3827 ipsius
1094 3746 1250 3807 coenobii

195 3845 334 3909 nomine
352 3842 530 3906 Leofricus
547 3841 703 3906 mihimet
715 3842 874 3919 contulit,
886 3844 1025 3925 quando
1041 3845 1123 3907 illud
1142 3864 1249 3926 graue

198 3943 351 4026 uectigal
369 3943 479 4007 Danis
502 3942 785 4021 exsoluebamus3
821 3945 995 4025 praestitit
1021 3964 1140 4025 nempe
1167 3944 1251 4006 mihi

198 4045 364 4109 ducentas
387 4043 492 4106 libras
515 4043 591 4105 auri
613 4051 649 4106 et
667 4044 813 4124 argenti,
837 4064 882 4107 ex
904 4044 1113 4127 appensione
1129 4043 1249 4107 Dano-

199 4166 285 4224 rum,
304 4151 341 4221 et
361 4164 425 4227 pro
442 4143 582 4208 foenore
605 4145 715 4226 ipsius
733 4145 834 4226 pretii
854 4146 988 4225 accepit
1010 4163 1030 4205 a
1053 4164 1106 4206 me
1132 4144 1248 4206 uillam
