2858 4890
437 379 614 430 enarras
635 376 977 430 arto'uosnxorucnn.
1171 365 1237 429 105

184 554 268 620 seya
291 534 549 620 promulgatur,
566 538 603 601 in
626 536 756 603 honore
772 538 896 603 beatae
916 534 973 603 dei
996 537 1174 623 genitricis
1194 559 1236 604 ac

185 645 374 720 perpetuae
393 636 540 720 uirginis
559 637 709 716 Mariae,
735 638 915 721 sanctique
945 638 1137 716 Benedicti,
1162 659 1236 704 om·

185 739 349 820 niumque
370 745 570 803 sanctarum
593 738 768 820 uirginum
786 738 1002 803 arcisterium
1018 741 1234 821 construxit3

185 837 392 920 praeuidens
408 838 528 921 itaque
549 838 717 903 incertum
735 839 929 903 futurorum
950 847 1143 922 temporum
1167 849 1237 904 sta·

188 945 273 1013 tum,
290 938 450 1003 omuibus
468 939 616 1023 posteris
642 940 727 1003 meis
748 941 837 1004 scire
859 939 1077 1022 profuturum
1100 941 1236 1006 decreui

181 1038 289 1121 quale
304 1038 552 1121 omnipotentis
569 1040 684 1122 gratia
698 1047 877 1123 operante,
891 1040 1017 1105 ibidem
1034 1040 1236 1105 miraculum

184 1139 350 1217 emicuit;
379 1138 471 1204 sicut
491 1159 560 1205 non
584 1140 717 1205 incerta
743 1140 910 1205 relatione
926 1141 1141 1223 quorundam
1164 1142 1237 1225 epi·

189 1258 370 1323 scoporum
383 1259 536 1304 meorum
554 1240 659 1305 immo
676 1249 711 1305 et
728 1242 839 1324 ipsius
855 1239 1010 1325 Aylwini
1025 1242 1140 1305 didici.

238 1339 357 1423 Igitur
387 1340 552 1405 diuturno
590 1360 632 1405 ac
663 1339 836 1406 laborioso
874 1342 1030 1406 cruciatu
1063 1342 1239 1424 podagrae

183 1440 315 1523 pedum
328 1458 470 1505 suorum
485 1439 683 1525 praedictus
698 1441 844 1505 illustris
856 1442 911 1505 uir
925 1440 1108 1524 Aylwinus
1120 1443 1238 1507 multis

188 1540 352 1606 laborans
372 1542 409 1605 iu
431 1541 545 1617 annis,
562 1560 672 1623 usque
696 1561 766 1623 quo
792 1561 863 1605 uox
880 1541 979 1606 affuit
1003 1542 1184 1607 salutifera
1202 1545 1238 1608 in

191 1660 260 1725 qua
276 1641 431 1724 piscator
444 1641 585 1725 quidam
603 1641 714 1724 ipsius
730 1642 790 1724 qui
801 1642 936 1724 Wliget
953 1644 1146 1708 uocabatur
1161 1663 1238 1707 cum

191 1741 348 1807 carinula
364 1749 400 1807 et
416 1742 558 1806 asseclis
575 1742 660 1818 suis,
683 1750 718 1806 et
737 1741 822 1820 lino,
838 1761 965 1825 aquam
982 1763 1071 1826 quae
1090 1742 1240 1825 Anglico

192 1842 330 1907 nomine
361 1842 621 1907 Rammesmere
650 1841 776 1907 dicitur
806 1844 983 1924 ingressus
1012 1852 1076 1919 est,
1110 1845 1239 1926 piscem

192 1942 354 2008 uidelicet
371 1943 486 2025 gratia
502 1943 546 2007 ad
561 1961 662 2007 usum
678 1943 808 2007 domini
825 1944 879 2007 sui
891 1943 1058 2027 praedicti
1075 1964 1141 2007 usu
1158 1964 1240 2007 con-

188 2050 292 2108 ·aueto
329 2042 545 2126 adquirendi.
612 2042 711 2108 Sicut
741 2045 860 2126 itaque
887 2051 1032 2108 nouerat
1064 2043 1154 2107 uelle
1181 2045 1241 2109 do·

192 2142 278 2208 mini
309 2143 365 2207 sui
399 2150 474 2209 rete
504 2162 568 2208 sno
607 2142 728 2207 sedulo
756 2144 822 2208 buc
849 2150 885 2208 et
916 2145 999 2208 illuc
1029 2144 1241 2227 proliciendo

194 2244 325 2329 aliquid
347 2263 472 2328 capere
494 2244 681 2320 nitebatur,
698 2244 759 2308 sed
783 2263 827 2309 ex
848 2243 1164 2327 praedestinatione
1186 2246 1242 2311 dei

193 2345 440 2428 omnipotentis
461 2344 591 2408 frustra
612 2344 786 2420 laborans,
804 2353 839 2409 et
858 2344 996 2409 tandem
1020 2344 1168 2429 piscario
1192 2347 1243 2410 la·

194 2446 277 2511 bore
291 2445 435 2509 nimium
454 2444 622 2527 fatigatus
646 2445 681 2508 in
706 2445 862 2508 carinula
883 2464 948 2508 sua
969 2454 1154 2529 soporatus
1181 2449 1243 2512 ob·

194 2545 370 2623 dormiuit,
390 2546 446 2609 cui
472 2552 613 2609 sauctus
639 2544 676 2608 in
706 2545 837 2610 somnis
867 2546 1029 2628 apparuit
1057 2546 1108 2611 sic
1139 2548 1244 2613 fando

196 2645 419 2723 Benedictus,
447 2643 604 2710 ‘Aurora
629 2652 815 2728 spargente
836 2645 968 2728 polum,
985 2652 1082 2710 tuum
1105 2648 1244 2712 eiiciens

196 2753 334 2829 tragum
366 2745 579 2810 multitudini
614 2746 776 2829 copiosae
807 2746 881 2810 noti
913 2766 1053 2829 compos
1087 2748 1245 2813 obuiabis

196 2847 361 2930 piscium;
389 2852 569 2929 captorum
585 2845 704 2929 itaque
722 2847 866 2930 piscium
880 2848 1044 2911 maiorem
1061 2867 1163 2930 quem
1181 2869 1246 2913 uos

198 2946 328 3011 Haked
345 2947 554 3029 nuncupatis
573 2945 736 3029 Aylwino
753 2947 891 3011 domino
913 2955 973 3011 tuo
992 2967 1035 3010 ex
1053 2957 1246 3031 meaparte

196 3046 343 3112 offerens
364 3046 458 3111 dices
481 3047 524 3125 ei,
541 3054 580 3111 ut
601 3066 713 3110 meam
735 3047 957 3111 donatiouem
979 3048 1126 3130 benigne
1149 3068 1248 3112 assu-

196 3166 294 3211 mens
320 3147 398 3231 piae
427 3148 530 3211 matri
561 3147 815 3212 misericordiae
841 3154 877 3212 et
905 3147 989 3211 mihi
1019 3150 1246 3231 omnibusque

191 3247 307 3312 sacris
331 3247 524 3329 uirginibus
549 3247 584 3310 in
610 3247 675 3312 hac
706 3248 820 3312 insula
852 3249 1096 3313 monasterium
1126 3269 1247 3313 mona-

196 3348 339 3413 chorum
355 3345 561 3412 habitationi
577 3367 655 3411 cum
673 3346 818 3413 officinis
835 3350 1038 3412 necessariis
1054 3368 1246 3432 congruum

196 3450 273 3514 sine
300 3446 466 3513 dilatione
490 3446 631 3513 studeat
663 3448 854 3528 fabricare,
892 3456 931 3511 ut
965 3450 997 3512 ei
1028 3450 1135 3531 igitur
1161 3451 1247 3517 haec

194 3549 315 3615 omnia
331 3547 559 3631 perordinem
573 3549 770 3613 innotescas
786 3548 963 3625 exhortor,
980 3568 1171 3614 sermonem
1186 3552 1247 3615 ad-

197 3650 284 3714 dens
307 3648 459 3713 sermoni
484 3656 656 3732 quatenns
681 3655 856 3712 scrutetur
880 3647 1080 3730 diligentius
1107 3651 1143 3713 in
1170 3651 1247 3717 loco

197 3748 376 3833 praedicto
398 3748 570 3832 quomodo
595 3755 700 3813 noctu
722 3748 815 3812 fessa
835 3756 947 3812 terrae
967 3769 1032 3812 sua
1048 3749 1249 3816 incumbant

198 3848 375 3927 animalia,
392 3867 435 3913 ac
451 3848 511 3912 nbi
526 3854 662 3913 taurum
682 3855 879 3930 surgentem
901 3849 989 3931 pede
1011 3850 1134 3914 dextro
1152 3852 1248 3915 uide·

199 3950 246 4015 rit
269 3955 449 4034 percutere
473 3954 600 4013 terram
630 3950 756 4013 ibidem
788 3949 1014 4031 proculdubio
1044 3950 1250 4017 xenodochii

199 4050 289 4115 sciat
305 4068 344 4115 se
365 4068 462 4114 aram
484 4049 616 4132 erigere
636 4050 771 4114 debere.
825 4050 870 4113 Et
888 4055 927 4113 ut
943 4059 1058 4115 mente
1076 4052 1248 4135 perspica-

201 4150 281 4217 tiori
308 4157 345 4216 et
366 4149 435 4214 lide
459 4151 683 4215 constantiorl
717 4151 804 4214 mcis
832 4150 886 4214 his
911 4150 1030 4217 credat
1065 4151 1248 4232 mandatis,
