2858 4890
184 345 249 410 158
444 360 616 408 canarno
639 359 983 409 nncnosnxonrcnn.

185 517 311 600 gratia,
334 536 397 580 rex
430 515 629 597 Anglorum
659 522 694 579 et
719 534 829 598 aeque
860 515 1048 579 multarum
1082 515 1239 596 gentium

184 616 405 681 monarchiae
447 617 636 697 potestatis
678 616 870 698 praeuisor,
913 616 1066 698 aliquam
1104 621 1239 698 partem

185 725 297 781 terrae
313 717 398 779 iuris
421 716 489 778 mei
506 714 703 797 perpetuali
721 715 907 779 donatione
925 715 1073 778 libenter
1086 714 1238 778 concedo

185 816 322 879 cuidam
337 815 427 879 fideli
444 834 521 877 meo
538 815 698 878 ministro
716 815 872 880 uocitato
889 815 1027 878 nomine
1039 813 1177 890 AEliric,
1194 815 1237 877 ob

185 915 278 979 illius
293 915 441 978 amabile
456 914 661 995 obsequium
678 914 841 996 dignatus
853 933 930 977 sum
941 913 1062 995 largiri
1079 931 1130 978 .x.
1142 932 1237 975 man-

185 1034 243 1078 sas
271 1014 412 1096 agelluli
444 1012 571 1077 ibidem
602 1013 659 1076 ubi
692 1014 856 1095 uulgares
884 1015 998 1095 prisco
1023 1033 1120 1076 more
1147 1012 1236 1075 ludi·

185 1114 378 1196 bundisque
397 1112 575 1178 uocabulis
593 1132 719 1176 nomen
734 1113 932 1176 indiderunt
947 1112 1130 1194 aetWilig;
1153 1131 1237 1194 qua·

185 1214 278 1278 tinus
300 1213 358 1276 ille
380 1213 467 1276 bene
488 1211 688 1294 perfruatur
707 1231 748 1276 ac
776 1212 1025 1295 perpetualiter
1048 1211 1237 1295 possideat,

186 1313 268 1376 dum
301 1313 403 1375 huius
434 1311 583 1375 labentis
615 1312 693 1374 aeni
724 1330 863 1375 cursum
894 1319 1050 1376 transeat
1084 1311 1237 1375 inlaesus

185 1419 291 1494 atque
316 1412 434 1476 uitalis
456 1412 598 1492 spiritus
618 1411 654 1472 in
678 1411 893 1493 corruptibili
915 1431 1020 1478 carne
1045 1409 1236 1488 inhaereat,

186 1517 222 1575 et
254 1517 334 1593 post
362 1530 399 1574 se
435 1511 628 1593 cuicunque
660 1510 811 1574 uoluerit
842 1530 905 1574 ceu
936 1511 1235 1574 corroborauimus

186 1611 382 1692 perenniter
402 1609 541 1673 haeredi
565 1609 794 1691 derelinquat,
810 1629 874 1673 ceu
898 1629 1004 1691 supra
1026 1610 1179 1673 diximus
1199 1610 1236 1672 in

184 1717 361 1773 aeternam
394 1709 654 1773 haereditatem.
720 1709 774 1773 Sit
795 1716 912 1773 autem
934 1709 1150 1791 praedictum
1176 1729 1234 1772 rus

184 1810 329 1872 liberum
346 1809 390 1872 ab
418 1809 510 1872 omni
533 1807 700 1871 mundiali
722 1808 901 1873 obstaculo
917 1828 995 1872 curn
1011 1810 1172 1873 omnibus
1191 1809 1233 1872 ad

184 1928 222 1972 se
250 1909 316 1972 rite
341 1909 604 1989 pertinentibus,
633 1909 776 1990 campis,
803 1909 954 1990 pascuis,
978 1909 1100 1990 pratis,
1123 1909 1233 1985 siluis,

185 2007 341 2090 exceptis
356 2007 433 2071 istis
452 2007 575 2086 tribus,
589 2007 820 2089 expeditione,
837 2008 952 2089 pontis
967 2008 1101 2071 arcisue
1122 2009 1234 2071 muni·

184 2109 289 2172 tione.
359 2106 396 2169 Si
428 2108 505 2189 quis
542 2113 670 2181 autem,
708 2107 801 2190 quod
833 2127 903 2170 non
941 2114 1114 2188 optamus,
1144 2106 1234 2171 hanc

185 2214 339 2271 nostram
371 2204 606 2270 diffinitionem
637 2207 797 2270 elationis
833 2206 954 2269 habitu
984 2207 1147 2270 incedens
1180 2207 1232 2269 in·

183 2307 332 2388 fringere
359 2306 594 2388 temptauerit,
616 2325 800 2387 perpessus
824 2307 871 2370 sit
892 2305 1016 2387 gelidis
1042 2306 1231 2388 glacierum

184 2407 337 2481 flatibus,
367 2412 402 2468 et
424 2405 580 2470 Pennino
606 2406 762 2469 exercitu
783 2405 1013 2486 malignorum
1034 2407 1231 2488 spirituum,

184 2507 251 2569 nisi
286 2506 381 2586 prius
417 2504 556 2585 irriguis
586 2505 818 2586 poenitentiae
855 2505 1038 2586 gemitibus
1075 2513 1112 2569 et
1145 2526 1233 2589 pura

185 2604 423 2668 emendatione
455 2602 701 2667 emendauerit.
775 2602 859 2668 Istis
897 2605 1099 2667 terminibus
1133 2625 1233 2687 prae-

184 2704 278 2769 dicta
316 2710 409 2766 terra
447 2703 703 2786 circumgyrato
732 2722 808 2766 esse
842 2703 989 2767 uidetur.
1056 2703 1120 2767 Dis
1152 2712 1233 2786 synt

183 2802 262 2867 bara
287 2810 350 2885 tyn
372 2801 454 2864 hida
483 2791 719 2884 landgemffira
747 2792 785 2866 to
800 2802 921 2883 Wilig.
977 2803 1095 2866 AErest
1119 2795 1169 2884 ἥρ
1197 2803 1237 2868 of

184 2903 302 2987 Wylle
324 2902 423 2965 forda
453 2900 527 2966 ofer
557 2901 658 2964 bican
687 2893 781 2965 dfine
812 2922 857 2965 on
885 2900 972 2965 bone
1003 2902 1230 2966 midemestan

183 3003 310 3082 beorh;
335 3001 488 3081 andlang
503 3007 578 3064 daes
595 3001 711 3064 widan
729 3002 867 3064 cumbes
885 3021 930 3064 on
943 3006 1036 3065 'done
1063 3000 1230 3084 hricweg3

183 3104 335 3183 andlang
376 3099 445 3164 baes
477 3100 667 3182 hricweges
700 3121 746 3163 on
783 3088 1024 3165 norbewearde
1069 3121 1231 3182 geonnan

183 3203 302 3278 beorh,
326 3200 438 3264 bonne
462 3190 520 3264 att
554 3220 599 3265 on
637 3200 800 3281 horsgeat
827 3190 865 3264 to
892 3191 935 3265 ea
964 3220 1011 3264 on
1034 3192 1135 3284 beosa
1155 3203 1229 3267 iord

182 3300 436 3365 easteweardne
466 3319 511 3362 on
543 3319 629 3363 enne
661 3299 821 3378 crundel;
860 3298 973 3364 bonne
1004 3301 1160 3383 andlang
1192 3303 1230 3367 et

184 3401 244 3463 aest
260 3419 305 3463 on
322 3398 440 3481 Wylle
455 3397 543 3461 ford.
594 3397 687 3463 Acta
710 3407 763 3464 est
786 3398 872 3463 haec
892 3399 1050 3481 praelata
1075 3402 1230 3480 donatio,

183 3518 275 3563 anno
306 3499 350 3561 ab
379 3497 618 3562 incarnatione
651 3498 781 3563 domini
816 3499 927 3562 nostri
961 3498 1068 3563 Ihesu
1099 3500 1231 3566 Christi

184 3612 464 3666 mccccnxxvu.
481 3595 668 3662 indictione
681 3615 726 3662 .ν.
765 3597 1067 3663 Idoneistestibus
1082 3620 1230 3682 quorum

182 3698 323 3763 nomina
335 3695 425 3759 infra
437 3696 628 3761 recitantur
641 3697 932 3775 confirmauimuS,
946 3699 1111 3781 quatinus
1127 3721 1229 3767 nemo

181 3815 418 3862 successorum
446 3791 642 3861 nostrorum
668 3799 704 3860 in
723 3798 852 3862 Christi
873 3799 1013 3862 nomine
1036 3798 1230 3879 adiuratus,

181 3897 246 3961 hoc
279 3902 435 3960 nostrum
468 3894 642 3961 decretum
666 3898 804 3964 uiolare
832 3898 971 3975 audeat,
999 3899 1060 3963 sed
1088 3899 1230 3965 inmune

181 3997 293 4078 magis
317 4001 510 4060 conseruet.
1205 4054 1208 4059 .

235 4098 275 4178 ›1‹
290 4095 367 4175 Ego
397 4095 587 4159 Eadweard
614 4098 728 4178 gratia
757 4097 811 4161 dei
843 4118 906 4160 rex
931 4098 1043 4177 tocius
1069 4097 1229 4177 Albionis
