2858 4890
452 396 626 445 cnurrnn
649 398 992 446 nuouosnxourcnn.
1184 383 1248 447 1o7

187 555 260 618 bas.
334 555 473 638 ›14Ego
490 555 625 620 Leolric
641 558 759 620 abbas.
836 556 969 637 »pugo
989 556 1111 620 AElsric
1128 558 1244 620 minis·

188 661 250 718 ter.
320 658 360 738 ›1‹
385 656 463 737 Ego
491 656 679 721 AElsweard
719 655 886 719 minister.
955 660 993 738 ›1‹
1023 657 1099 738 Ego
1127 659 1248 722 AEoel-

186 756 302 820 weard
319 758 487 822 minister.
559 759 598 839 ιχ(
615 757 692 839 Ego
710 756 859 836 AEllsige
875 755 1043 821 minister.
1108 760 1147 838 *1⁴
1168 759 1245 841 Ego

187 856 327 938 AElfgar
343 857 509 922 minister.
561 861 600 939 *1⁴
622 857 700 936 Ego
718 856 865 921 Wullric
882 855 1048 921 minister.

234 956 367 1022 Rubria
416 957 481 1023 Dis
498 959 528 1021 is
542 956 623 1020 bara
637 975 688 1022 .x.
701 957 783 1021 hida
802 946 868 1020 boc
885 965 931 1021 aet
948 957 1058 1022 Cliuae
1074 957 1115 1021 be
1130 958 1244 1023 AEbel-

185 1057 245 1121 red
261 1060 343 1139 cing
357 1048 533 1141 gebocode
551 1057 745 1124 AEbelmere
761 1058 814 1122 bis
830 1062 937 1144 pegne
952 1079 997 1122 on
1015 1059 1074 1123 ece
1088 1060 1182 1142 yrfae.

653 1202 754 1213 ..—

579 1273 851 1341 DCXXXIX.

534 1418 799 1497 AEDELRED,
821 1418 897 1483 983.

241 1561 281 1641 ›1‹
302 1559 508 1624 Rnouuurn
539 1561 792 1644 imperpetuum
822 1562 961 1626 domino
990 1569 1110 1626 nostro
1138 1562 1243 1627 Ihesu

186 1658 347 1725 Christo!
401 1661 491 1724 Dum
525 1663 714 1727 conditoris
744 1665 852 1727 nostri
881 1663 1099 1745 prouidentia
1131 1664 1242 1726 omnis

185 1768 346 1823 creatura
369 1762 471 1826 ualde
492 1763 584 1827 bona
608 1764 644 1826 in
662 1764 831 1846 principio
854 1764 1002 1827 formata
1025 1763 1242 1847 formoseque

185 1868 303 1925 creata
334 1869 440 1944 atque
468 1865 623 1946 speciose
662 1865 835 1946 plasmata
866 1873 919 1928 est
955 1883 1061 1945 snpra
1089 1871 1124 1927 et
1152 1865 1243 1928 insra

185 1962 312 2038 coeloS,
325 1969 397 2026 tam
414 1962 598 2044 in0angelis
620 1984 723 2045 quam
742 1966 845 2028 etiam
866 1965 902 2026 in
924 1964 1132 2040 hominibuS,
1149 1984 1188 2027 ac
1205 1967 1241 2029 in

185 2063 398 2128 multimodis
425 2083 465 2127 ec
485 2065 630 2128 diuersis
655 2067 834 2147 speciebus
852 2065 1094 2141 iumentorum,
1110 2066 1241 2128 anima-

186 2162 282 2241 lium,
294 2165 452 2245 piscium,
464 2166 655 2242 uolucrum,
671 2185 760 2250 quae
772 2166 886 2229 omnia
904 2175 1048 2228 naturae
1066 2185 1150 2228 suae
1166 2166 1242 2230 iura

186 2272 272 2328 nutu
299 2266 465 2328 creatoris
492 2266 704 2348 persoluant,
732 2267 798 2330 nisi
832 2267 934 2330 homo
971 2265 1066 2328 solus
1104 2267 1163 2348 qui
1196 2268 1240 2330 ad

184 2364 369 2452 imaginem
394 2385 492 2430 suam
512 2366 705 2448 plasmatus
732 2374 842 2431 estet
867 2365 1024 2431 omnibus
1050 2368 1239 2448 praelatus,

184 2473 301 2529 tamen
325 2473 467 2548 propter
482 2467 812 2549 praeuaricationem
835 2487 998 2532 corruens
1023 2467 1059 2529 in
1081 2475 1239 2546 mortem,

184 2573 219 2630 et
238 2567 385 2648 primam
409 2567 679 2631 immortalitatis
702 2568 828 2633 stolam
855 2567 1094 2631 miserabiliter
1111 2569 1239 2634 domini

184 2669 457 2749 contempnendo
483 2668 684 2732 mandatnm
710 2669 836 2732 amisit.
890 2668 1024 2732 Idcirco
1050 2668 1130 2731 illae
1151 2669 1239 2732 diui·

183 2769 253 2831 tiae
280 2767 476 2850 diligendae
500 2777 581 2833 sunt
597 2788 686 2851 quae
713 2788 889 2851 nunquam
913 2769 1090 2851 decipiunt
1110 2768 1239 2833 haben-

184 2875 265 2945 tem,
285 2888 349 2932 nec
372 2871 408 2932 in
423 2870 500 2952 ipsa
515 2877 625 2934 inerte
648 2871 867 2946 amittuntur,
884 2870 943 2932 sed
961 2869 1039 2952 plus
1060 2870 1238 2935 abundant

183 2967 263 3032 dum
283 2970 434 3033 cernitur
449 2970 540 3054 quod
558 2978 705 3034 amatur.
758 2969 980 3053 Quapropter
996 2990 1061 3051 ego
1078 2967 1239 3034 AEbelred

184 3068 325 3133 fauente
342 3089 491 3152 superno
507 3071 645 3134 numine
663 3071 812 3135 basileus
829 3071 1020 3133 industrius
1030 3068 1238 3151 Anglorum,

182 3177 466 3254 caeterarumque
483 3172 636 3253 gentium
659 3173 695 3234 in
718 3172 864 3235 circuitu
882 3170 1151 3253 persistentium,
1169 3172 1240 3234 cui-

183 3270 263 3334 dam
288 3271 380 3334 fideli
406 3291 481 3336 meo
506 3271 663 3336 ministro
690 3272 843 3335 uocitato
867 3272 1003 3334 nomine
1020 3270 1171 3346 AEllnob,
1194 3274 1237 3335 ob

182 3371 277 3436 illius
292 3372 436 3436 amabile
447 3373 646 3454 obsequium
658 3373 800 3455 eiusque
812 3371 1015 3454 placabilem
1027 3372 1239 3449 fidelitatem,

183 3473 270 3536 duas
287 3492 425 3537 mansas
442 3480 477 3537 et
492 3473 666 3536 dimidiam
689 3471 867 3555 largiendo
885 3472 1031 3535 libenter
1047 3473 1237 3536 concedens

182 3574 396 3656 perdonabo,
420 3574 491 3637 illic
520 3574 578 3636 ubi
605 3573 732 3654 uulgus
765 3573 879 3655 prisca
912 3572 1079 3635 relatione
1107 3573 1239 3636 uocitat

184 3680 231 3737 aet
246 3672 470 3750 Westwuda;
497 3674 660 3755 quatinus
685 3673 744 3736 ille
766 3674 852 3737 bene
874 3672 1072 3754 perfruatur
1094 3691 1135 3736 ac
1160 3693 1238 3754 per-

182 3774 371 3856 petualiter
394 3774 571 3857 possideat
595 3776 676 3837 dum
700 3773 802 3837 huius
831 3773 977 3836 labentis
999 3773 1076 3836 aeui
1101 3793 1239 3836 cursum

184 3881 343 3939 transcat
365 3875 506 3939 illaesus
530 3882 634 3958 atque
656 3875 771 3938 uitalis
796 3874 938 3956 spiritus
961 3874 996 3935 in
1025 3873 1240 3959 corruptibili

184 3995 289 4040 carne
306 3975 505 4056 inhaereat3
526 3983 560 4039 et
577 3983 657 4058 post
676 3995 713 4038 se
739 3975 932 4056 cuicunque
953 3974 1102 4038 uoluerit
1118 3994 1240 4056 peren-

184 4078 275 4140 niter
294 4076 435 4142 haeredi
451 4075 680 4161 derelinquat,
696 4075 798 4139 sicuti
813 4075 1060 4158 praediximus,
1074 4075 1109 4136 in
1128 4082 1224 4138 aeter

185 4197 267 4243 nam
295 4177 553 4242 haereditatem.
607 4176 660 4241 Sit
680 4183 796 4241 autem
819 4176 1033 4259 praedictum
1055 4194 1113 4237 rus
1136 4175 1238 4240 liber-
