2858 4890
456 367 631 433 cnsarnr
653 383 998 433 saenossxonrcnn.
1210 369 1255 433 39

256 542 295 623 ›1‹
313 541 391 623 Ego
423 540 565 605 Oswold
595 540 778 625 episcopus
808 545 980 608 consensi.
1050 546 1089 627 ›1‹
1104 545 1252 610 Wulfrie

199 641 378 723 presbiter.
451 643 491 724 *1⁴
511 641 652 724 Eadgar
683 644 863 724 presbiter.
936 646 975 727 ›1‹
990 645 1129 709 Wistan
1154 665 1251 728 pres·

198 741 297 806 biter.
366 743 406 824 ›1‹
424 741 559 806 AElfred
581 743 737 806 clericus.
804 745 843 826 ›1‹
865 743 1046 809 AEbelstan
1071 747 1251 828 presbiter.

204 842 244 923 ᾧ
272 841 449 907 Wulshun
482 843 638 906 clericus
711 846 750 924 ›1‹
776 843 949 928 Cynesige
976 847 1134 912 clericus,
1204 847 1243 928 ›1‹

199 941 375 1026 Byrhstan
405 942 562 1007 clericus.
629 944 669 1025 *1⁴
684 943 838 1008 AElsstan
872 945 1025 1009 clericus.
1094 950 1133 1028 ›1‹
1158 947 1250 1011 Ead-

197 1043 313 1106 weard
341 1042 498 1107 clericae.
557 1045 596 1126 ›1‹
612 1043 776 1125 Wulsgar
800 1045 955 1110 clericus.
1023 1049 1062 1127 ›1‹
1084 1047 1251 1112 Eadwine

196 1142 351 1207 clericus.
423 1144 463 1225 ᾧ
479 1144 618 1209 Wistan
649 1143 803 1208 clericus.
870 1149 909 1227 ›1‹
924 1145 1063 1228 AElt'gar
1093 1148 1249 1212 clericus

202 1245 242 1326 ›1‹
264 1243 344 1308 Ufic
374 1243 532 1309 clericus
601 1247 640 1325 ›1‹
656 1244 825 1309 Wulfheh
860 1246 1018 1310 clericus.
1080 1250 1119 1329 »Β
1146 1247 1247 1312 Leos-

195 1344 285 1408 wine
315 1343 470 1408 clericus.
529 1344 685 1427 ›14Tuna
713 1346 869 1410 clericus,
927 1348 966 1429 ›1‹
983 1345 1148 1412 Wulfnod
1180 1349 1247 1412 cle-

192 1463 296 1508 noue.

245 1543 373 1609 Baloie.
399 1544 649 1628 Eowlangelad
668 1593 677 1609 .
696 1545 875 1609 Ealhstin.
894 1546 1084 1611 AEaelstrin

666 1842 781 1906 nnv.

545 1994 566 2036 *
582 1962 804 2070 uineis,
827 1993 901 2056 ece.

247 2149 287 2230 ›1‹
301 2146 509 2210 Racasura
523 2142 662 2206 domino
683 2150 802 2207 nostro
823 2142 929 2206 Ihesu
948 2142 1087 2208 Christo
1109 2146 1145 2208 in
1167 2166 1245 2228 per·

192 2248 356 2331 potuum!
411 2243 488 2325 Ego
516 2242 698 2324 Eadgarus
729 2243 782 2306 dei
805 2244 920 2324 gratia
947 2241 1142 2326 Anglorum
1170 2267 1244 2322 rex,

191 2348 348 2413 omnibus
376 2343 559 2427 episcopie,
583 2344 778 2420 abbatibus,
812 2345 1008 2420 comitibus,
1031 2346 1244 2412 uicecomiti-

190 2448 267 2526 bus,
280 2445 499 2522 centenariis
514 2444 729 2526 caeterisque
743 2444 926 2523 agentibus
942 2445 1070 2508 nostris
1084 2466 1245 2528 praesen-

191 2549 284 2613 tibus
306 2547 439 2611 seilicet
461 2551 496 2608 et
516 2543 654 2622 futuris,
674 2544 834 2608 salutem.
887 2544 1041 2625 Dignum
1062 2553 1097 2610 et
1118 2567 1244 2611 conue-

191 2649 289 2714 niens
303 2655 357 2712 est
371 2645 573 2710 clementiae
593 2644 776 2726 principali
798 2644 889 2707 inter
910 2652 1065 2708 caeteras
1089 2648 1243 2712 actiones

189 2749 275 2813 illnd
290 2747 383 2831 quod
399 2745 602 2810 adsalutem
620 2746 755 2808 animae
770 2745 930 2826 pertinet,
943 2745 1034 2827 quod
1048 2766 1112 2827 pro
1124 2747 1243 2813 diuino

190 2869 306 2914 amore
327 2848 537 2932 postulatur,
560 2846 618 2927 pio
640 2845 771 2935 auditu
785 2845 960 2928 suscipere
976 2854 1012 2910 et
1028 2848 1181 2911 studiose
1197 2849 1241 2912 ad

189 2950 348 3014 effectum
369 2947 576 3031 perducere3
599 2952 771 3027 quatenus
793 2946 836 3009 de
858 2945 996 3009 caducis
1016 2947 1119 3010 rebus
1141 2968 1241 3030 prae-

189 3050 299 3115 sentis
322 3047 452 3113 'saeculi
475 3065 564 3129 quae
587 3065 763 3127 nunquam
802 3046 877 3108 sine
915 3045 1176 3127 inquinamento
1206 3057 1242 3112 et

188 3168 380 3233 aerumpna
396 3147 628 3231 possidentur,
643 3146 843 3209 emundatio
856 3152 1076 3228 peccatorum
1095 3154 1130 3209 et
1146 3148 1240 3212 uitae

187 3260 359 3317 aeternae.
372 3248 540 3313 securitas
561 3247 784 3328 adquiratur3
810 3247 911 3309 iuxta
934 3253 1155 3328 praeceptum
1180 3249 1238 3312 do

186 3353 270 3417 mini
291 3349 437 3414 dicentis
453 3348 570 3412 ‘Date
586 3346 809 3410 elemosinam
827 3354 862 3410 et
877 3347 992 3410 omnia
1012 3347 1142 3410 munda
1157 3341 1239 3414 sunt

186 3453 286 3517 nobis
299 3451 320 3518 :’
342 3469 427 3531 ergo
444 3448 558 3512 dando
579 3446 812 3523 elemosinam,
827 3448 929 3510 iuxta
950 3446 1015 3509 hoc
1036 3447 1145 3530 ipsius
1165 3448 1237 3513 dic-

185 3560 272 3631 tum,
284 3555 424 3635 oportet
435 3567 498 3613 nos
508 3549 672 3611 emercari
682 3555 902 3631 peccatorum
912 3554 1109 3610 nostrorum
1120 3568 1237 3613 emun-

186 3654 374 3727 dationem,
399 3657 439 3713 ut
464 3649 546 3712 dum
572 3647 748 3711 aecclesiis
764 3646 895 3712 Christi
917 3647 1132 3728 impertimur
1154 3669 1236 3713 con·

185 3773 274 3837 grua
298 3749 465 3816 beneficia
490 3755 526 3812 et
550 3748 662 3812 iustas
688 3749 856 3811 bonorum
877 3748 1030 3810 uirorum
1050 3749 1236 3829 petitiones

185 3853 371 3920 efficaciter
392 3849 551 3914 audimus
574 3848 814 3912 retributorem
834 3847 936 3911 deum
958 3867 1002 3910 ex
1024 3846 1089 3911 hoc
1109 3848 1236 3914 habere

182 3973 386 4019 mereamur.
439 3950 554 4032 Igitur
571 3956 755 4031 postquam
770 3950 860 4012 dono
876 3947 931 4011 dei
946 3955 981 4010 et
997 3955 1143 4029 paterna
1157 3971 1235 4014 suc·

182 4054 338 4121 cessione
361 4053 398 4116 in
428 4069 573 4133 regnum
600 4046 793 4130 Anglorum
816 4048 1069 4113 inthronizatus
1092 4057 1127 4113 et
1152 4071 1234 4114 con-

183 4156 340 4221 firmatus
361 4152 424 4230 fui,
438 4151 499 4215 ubi
521 4150 593 4214 uidi
613 4150 800 4213 aecclesias
823 4149 877 4212 dei
895 4157 967 4212 tam
990 4151 1142 4232 peccatis
1160 4151 1234 4213 exi-
