2858 4890
181 368 226 430 44
443 386 618 435 cataras
641 384 984 434 nucuoeaxonrclu.

183 542 236 604 tili
256 543 406 624 quadam
430 544 663 624 expeditione,
688 542 852 607 fratribus
876 542 1039 624 dispersis
1060 541 1239 604 solotenus

186 649 239 706 est
254 643 414 706 dirutum.
468 642 573 706 Hanc
588 644 732 707 eandem
753 645 872 726 itaque
888 644 1083 706 libertatem
1100 640 1238 723 praefa-

185 749 242 806 tae
264 743 451 806 aecclesiae
473 744 585 807 sancti
601 743 699 807 Petri
715 744 880 826 principis
898 742 1135 826 apostolorum
1156 761 1238 805 con—

185 845 286 920 cessi,
298 845 380 926 quia
393 844 490 907 locus
506 843 714 926 praedictus
726 846 784 926 qui
802 843 968 925 templum
979 843 1093 906 suerat
1108 842 1237 905 dudum

185 940 372 1025 Apollinis
384 943 438 1007 dei
454 944 672 1026 prouidentia
685 963 777 1007 nunc
794 943 997 1006 mirabiliter
1012 943 1056 1006 ab
1072 943 1149 1024 ipso
1165 942 1237 1006 cla·

185 1044 306 1124 uigero
327 1050 381 1107 est
402 1051 624 1108 consecratus
650 1063 692 1107 ac
707 1043 885 1107 dedicatus
903 1044 1066 1124 quatinus
1084 1043 1127 1105 ab
1143 1043 1237 1106 omni

184 1143 354 1208 saeculari
369 1144 415 1207 sit
431 1144 568 1207 liberio
584 1151 786 1226 perpetuum
806 1144 985 1206 seruitute.
1035 1142 1082 1205 Et
1097 1162 1140 1206 ne
1157 1143 1236 1224 quis

184 1246 418 1326 praesentium
434 1245 490 1307 uel
505 1245 617 1325 magis
631 1243 824 1308 futurorum
840 1244 993 1324 ambiget
1009 1262 1099 1325 quae
1114 1243 1160 1307 sit
1175 1243 1238 1307 illa

184 1345 325 1408 libertas
351 1363 453 1426 quam
483 1345 677 1408 amabiliter
707 1351 742 1407 et
768 1344 911 1408 firmiter
941 1343 1103 1420 concedo,
1126 1345 1237 1407 omni·

184 1444 294 1507 modis
310 1451 437 1508 cuncta
457 1444 551 1507 illius
568 1444 768 1508 monasterii
790 1444 964 1526 possessio
987 1443 1091 1506 nullis
1108 1444 1155 1506 sit
1171 1463 1236 1506 un·

184 1565 289 1627 quam
306 1550 455 1626 grauata
472 1545 644 1620 oneribus,
662 1565 724 1608 nec
742 1544 971 1627 expeditionis
992 1563 1054 1607 nec
1070 1544 1187 1626 pontis
1202 1551 1237 1608 et

184 1647 274 1707 arcis
288 1644 512 1720 edificamine,
534 1664 597 1708 nec
614 1645 698 1707 iuris
722 1644 850 1726 regalis
867 1643 1048 1725 fragmine,
1065 1663 1128 1707 nec
1149 1643 1237 1708 furis

184 1744 468 1826 apprehensione,
489 1752 524 1808 et
544 1751 584 1808 ut
606 1745 722 1808 omnia
747 1744 851 1808 simul
875 1743 1161 1827 comprehendam
1187 1744 1236 1808 nil

184 1845 286 1909 debet
307 1845 455 1922 exsolui,
471 1865 535 1909 nec
556 1844 643 1926 regi,
661 1864 724 1909 nec
744 1846 835 1926 regis
854 1845 1066 1926 praeposito,
1082 1845 1139 1908 uel
1162 1845 1235 1927 epi-

185 1965 302 2028 scopo,
325 1944 382 2008 uel
414 1944 505 2023 duci,
529 1944 586 2008 uel
619 1944 681 2008 ulli
706 1944 849 2022 homini,
880 1945 941 2008 sed
974 1946 1090 2008 omnia
1119 1945 1238 2009 debita

184 2047 387 2123 exsoluant,
403 2045 530 2126 iugiter
547 2063 636 2128 quae
652 2045 689 2107 in
704 2045 782 2128 ipsa
797 2045 1032 2109 dominatione
1046 2044 1176 2109 suerint
1191 2046 1235 2109 ad

183 2147 420 2228 supradictum
446 2152 604 2209 sanctum
630 2144 743 2223 locum
768 2145 956 2209 secundum
978 2144 1070 2226 quod
1096 2146 1236 2210 ordina-

183 2247 298 2310 uerint
321 2246 447 2310 fratres
473 2245 626 2309 eiusdem
651 2245 817 2310 coenobii.
869 2244 1101 2309 Obsecramus
1129 2246 1235 2310 etiam

182 2365 301 2411 omnes
332 2365 549 2410 successores
578 2354 716 2410 nostros
758 2365 856 2428 reges
887 2354 923 2410 et
953 2345 1137 2429 principes,
1173 2367 1236 2430 per

183 2454 341 2511 sanctam
366 2453 401 2510 et
424 2446 639 2510 indiuiduam
663 2446 870 2511 Trinitatem
903 2453 938 2510 et
959 2466 1022 2528 per
1045 2446 1235 2512 aduentum

182 2547 266 2610 iusti
288 2546 423 2623 iudicis,
443 2553 483 2610 ut
502 2546 788 2628 quemadmodum
811 2567 856 2610 ex
879 2546 1114 2610 munificentia
1135 2556 1235 2613 ante·

182 2664 357 2710 cessorum
383 2653 579 2710 nostrorum
604 2648 679 2729 ipse
703 2648 800 2711 locus
824 2647 961 2711 uidetur
986 2666 1062 2710 esse
1088 2647 1234 2726 ditatus,

183 2747 300 2810 nullus
325 2748 563 2830 episcoporum
592 2747 648 2810 uel
674 2748 839 2812 abbatum
865 2754 926 2810 aut
949 2767 1068 2811 corum
1093 2747 1233 2812 ordina·

183 2854 288 2924 tores,
313 2848 370 2910 uel
395 2848 570 2930 quaelibet
591 2866 739 2930 persona
757 2847 869 2930 possit
886 2866 1025 2929 quoquo
1047 2847 1166 2912 ordine
1190 2849 1234 2912 de

180 2948 258 3012 loco
271 2948 348 3030 ipso
370 2947 500 3030 aliquid
528 2947 664 3011 auferre
686 2955 748 3012 aut
769 2948 922 3030 aliquam
944 2954 1151 3030 potestatem
1166 2949 1233 3013 sibi

180 3049 216 3111 in
247 3048 324 3132 ipso
353 3048 563 3112 monasterio
590 3067 770 3131 usurpare,
797 3048 855 3111 uel
887 3048 1016 3130 aliquid
1041 3049 1141 3130 quasi
1171 3069 1234 3131 per

181 3149 457 3213 commutationis
477 3149 629 3225 titulum,
652 3150 783 3231 absque
807 3148 988 3212 uoluntate
1011 3149 1120 3231 ipsius
1148 3169 1232 3214 con-

181 3250 393 3330 gregationis
405 3248 461 3311 uel
478 3256 635 3313 nostrum
652 3249 871 3331 permissum,
887 3249 1052 3338 minuere,
1068 3256 1131 3313 aut
1146 3249 1232 3314 eali-

182 3367 251 3426 ces,
268 3356 330 3412 aut
345 3367 476 3426 cruces,
493 3368 554 3412 seu
570 3349 773 3413 indumenta
788 3348 910 3413 altaris
928 3350 984 3413 uel
1004 3368 1122 3413 sacros
1136 3349 1231 3414 codi-

182 3469 250 3526 ces,
265 3468 399 3525 aurum,
422 3455 603 3530 argentum
626 3448 683 3512 uel
700 3449 974 3532 qualemcunque
993 3448 1143 3531 speciem
1165 3451 1231 3515 ibi-

182 3549 259 3612 dem
293 3549 454 3613 collatam
481 3548 629 3626 auferre,
653 3549 709 3612 uel
739 3549 826 3613 alias
853 3549 985 3614 deferre
1009 3558 1229 3633 praesumat3

181 3649 241 3713 sed
268 3649 373 3713 liceat
401 3649 467 3731 ipsi
495 3649 757 3732 congregationi
786 3650 878 3732 quod
910 3651 976 3713 sibi
1008 3669 1070 3732 per
1098 3658 1231 3715 rectam

181 3750 432 3831 delegationem
456 3749 620 3813 collatum
643 3757 696 3814 est
717 3749 885 3833 perpetim
911 3749 1098 3837 possidere,
1115 3758 1151 3815 et
1167 3772 1231 3834 pro

182 3850 372 3914 stabilitate
385 3850 482 3933 regni
504 3850 614 3914 nostri
633 3849 760 3932 iugiter
780 3869 937 3928 exorare,
960 3849 1052 3933 quod
1077 3870 1141 3914 nos
1166 3871 1230 3934 pro

182 3950 237 4014 dei
253 3970 368 4014 amore
390 3957 424 4013 et
438 3951 633 4015 reuerentia
655 3950 765 4014 sancti
785 3950 935 4032 apostoli
956 3957 992 4014 et
1008 3948 1231 4033 adipiscenda

181 4051 256 4114 uita
269 4058 410 4114 aeterna
425 4050 490 4114 hoc
504 4051 705 4115 beneficium
728 4050 770 4113 ad
795 4049 905 4114 locum
926 4050 1023 4114 illum
1040 4051 1228 4117 terribilem

179 4158 214 4214 et
231 4159 388 4215 sanctum
402 4169 478 4215 cum
497 4151 641 4215 consilio
657 4151 858 4234 pontificum
880 4159 915 4215 ot
936 4151 1121 4216 illustrium
1136 4154 1230 4219 uiro-
