2858 4890
369 385 542 434 curares
565 386 905 437 nucnosAxorucAn.
1099 371 1165 435 149

588 640 702 707 DCV.

532 788 753 855 EADGAR.

168 932 207 1012 ›1‹
228 928 377 993 Galum
396 928 452 991 dei
476 929 610 992 cunetis
627 928 776 1011 spiritali
797 928 963 1010 praeditis
980 933 1162 1015 sapientia,

110 1031 173 1111 qui
196 1029 337 1093 deificae
359 1027 659 1110 contemplationis
681 1027 927 1092 beatitudinem
946 1050 1053 1112 purae
1070 1053 1163 1096 men-

112 1129 159 1192 tis
181 1130 309 1192 intuitu
334 1127 576 1192 lachrimarum
607 1127 699 1191 ualle
724 1128 887 1208 degentes
916 1131 1035 1195 crebro
1061 1132 1164 1197 anhe-

111 1228 225 1292 lantes
267 1228 416 1311 suspirio
453 1246 592 1291 cernere
630 1226 836 1304 desiderant,
876 1230 1163 1296 manifestissimis

107 1328 361 1410 scripturarum
386 1326 517 1410 liquido
547 1326 742 1390 declaratur
770 1327 917 1404 indiciis,
939 1330 1032 1411 qnod
1057 1350 1164 1394 unus·

112 1429 260 1510 quisque
289 1427 439 1491 fidelium
464 1426 508 1492 ad
534 1445 717 1509 supernam
741 1426 914 1490 coelorum
939 1428 1082 1493 tendens
1104 1451 1163 1513 pa-

114 1527 217 1592 triam
235 1529 326 1611 potis
343 1534 397 1591 est
407 1527 484 1590 imis
496 1526 671 1603 eoelestia,
680 1525 819 1590 caducis
837 1535 986 1604 aeterna,
996 1529 1162 1594 lucrando

113 1628 304 1709 insegniter
327 1627 526 1710 promereri,
551 1645 593 1690 ac
616 1625 734 1689 mundi
761 1624 863 1688 huius
887 1628 1075 1711 principem
1101 1631 1162 1710 qui

111 1728 276 1791 uitiorum
293 1725 521 1791 sectatoribus
542 1725 762 1789 infestissime
786 1725 993 1804 dominatur,
1009 1727 1045 1789 in
1062 1728 1163 1792 huius

112 1827 207 1890 uitae
228 1824 343 1891 stadio
360 1825 596 1889 robustissime
619 1844 844 1906 expugnare3
869 1834 1082 1908 quapropter
1097 1849 1162 1909 ego

116 1925 258 2007 Eadgar
284 1923 558 2007 Angligenarum
584 1930 866 2007 caeterarumque
899 1927 1052 2005 gentium
1082 1927 1162 1990 hinc

115 2025 196 2089 iude
232 2025 487 2107 persistentium
520 2044 584 2088 rex
616 2042 639 2086 a
668 2024 805 2087 domino
840 2026 1062 2101 constitutus
1093 2046 1162 2090 non

116 2126 295 2189 immemor
331 2125 376 2188 ob
410 2123 475 2188 hoc
504 2124 588 2187 mihi
621 2123 832 2199 transitoria,
862 2130 903 2186 ut
933 2123 987 2187 his
1021 2132 1163 2190 aeterna

117 2224 247 2289 Christi
264 2223 457 2307 opitulante
474 2224 587 2304 gratia
602 2224 767 2300 lucrarer,
780 2223 852 2286 sore
871 2242 1045 2300 concessa,
1055 2226 1162 2307 quod-

116 2325 195 2388 dam
218 2343 278 2387 rus
301 2341 405 2390 ‚uxx.
428 2323 557 2386 mansis
582 2323 739 2406 speciose
767 2321 949 2386 dilatatum
975 2343 997 2386 a
1019 2325 1163 2405 praede·

116 2425 308 2488 cessoribus
325 2424 410 2487 meis
430 2423 513 2486 olim
529 2422 759 2486 Wintoniensi
776 2422 963 2485 aecclesiae
985 2424 1030 2486 ob
1052 2424 1163 2489 almae

116 2523 296 2601 trinitatis,
329 2523 470 2604 eiusque
491 2522 725 2604 apostolorum
749 2520 845 2584 Petri
870 2529 906 2585 et
928 2521 1043 2599 Pauli,
1066 2544 1163 2588 reue-

117 2624 264 2688 rentiam
281 2623 471 2698 dedicatae,
481 2628 622 2686 eeterna
634 2620 754 2702 largiti
769 2628 851 2684 sunt
863 2620 1088 2699 haereditate,
1098 2624 1163 2689 hae

117 2723 347 2788 haereditaria
376 2729 473 2786 carta
501 2722 601 2785 nouis
626 2721 752 2784 litteris
778 2721 822 2784 ad
848 2721 1039 2802 praefatam
1066 2743 1164 2787 recu-

117 2841 242 2907 perans
266 2823 391 2887 reduco
415 2823 621 2897 libertatem,
639 2820 731 2903 quod
747 2838 768 2882 a
785 2821 952 2902 gnosticis
970 2821 1162 2886 Fearnham

117 2931 201 2989 noto
224 2929 444 3006 nuncupatur
467 2920 636 2984 uocabulo
656 2937 729 2984 mx.
748 2921 877 2983 mansis
899 2922 1103 2998 consistens,
1118 2931 1165 2986 aet

118 3023 307 3089 Beonetleh
329 3040 379 3086 .x.
398 3021 661 3085 determinatum
684 3020 839 3082 cassatis.
908 3020 1037 3084 Nullus
1059 3021 1166 3102 igitur

119 3122 208 3187 hanc
238 3129 392 3187 nostram
419 3121 614 3184 libertatem
642 3138 747 3202 quam
764 3119 982 3184 AEnelwoldo
1008 3121 1166 3201 praesule

119 3223 328 3305 deposcente
348 3240 459 3303 nuper
479 3226 518 3284 ut
538 3219 729 3301 antiquitus
754 3218 867 3282 fuerat
890 3220 1036 3283 deuotus
1063 3221 1165 3297 edidi,

117 3322 304 3404 infringere
331 3321 387 3385 uel
413 3321 565 3384 minuere
591 3325 799 3401 praesumat.
851 3319 905 3382 Sit
928 3326 1044 3383 autem
1074 3323 1165 3385 omni

118 3429 277 3486 terrenae
296 3420 473 3485 seruitutis
491 3419 654 3495 solutum,
667 3426 815 3500 excepta
831 3419 1064 3500 expeditione,
1078 3442 1164 3502 pon·

119 3523 164 3586 tis
203 3522 337 3586 arcisue
374 3521 645 3603 recuperatione.
713 3517 750 3581 Si
780 3518 858 3600 quis
892 3519 981 3583 hanc
1012 3528 1165 3586 nostram

119 3622 305 3687 uiolauerit
329 3621 523 3685 libertatem
545 3618 731 3683 anathema
760 3618 817 3684 sit.
