2858 4890
439 373 612 422 canariis
635 373 976 426 lucnoslxourcln.
1191 357 1234 422 15

182 530 330 612 glorum,
360 538 396 594 et
427 551 489 595 rex
521 537 626 613 atque
658 530 847 611 imperator
881 531 945 594 sub
981 531 1058 612 ipso
1095 530 1234 597 domino

183 651 305 713 regum
331 638 367 695 et
391 632 569 696 nationum
592 629 684 694 infra
709 630 795 693 fines
818 630 999 713 Britaniae
1020 650 1234 697 commoran-

185 733 284 809 tium,
312 732 471 812 cogitans
498 731 652 814 disposui
681 750 726 794 ex
749 731 872 813 opibus
901 731 985 794 mihi
1011 751 1033 795 a
1062 732 1126 795 deo
1152 753 1233 798 con-

185 833 303 909 cessis,
321 852 416 897 meos
435 832 552 895 fideles
568 832 746 895 ministros
768 850 846 894 cum
867 832 1011 895 consilio
1027 833 1233 914 optimatum

187 953 342 997 meorum
372 932 494 1010 ditare,
518 932 698 1014 literisque
724 931 768 994 ad
794 932 1008 1013 posteritatis
1036 936 1235 998 memoriam

185 1034 273 1097 bene
290 1041 391 1115 gesta
406 1041 441 1097 et
455 1032 586 1114 regalia
600 1032 703 1108 dona,
720 1038 760 1094 ut
779 1032 838 1094 lex
858 1032 1002 1114 expetit,
1019 1033 1233 1099 confirmare.

190 1133 293 1198 Unde
321 1153 399 1197 cum
424 1133 616 1216 praesentis
640 1130 984 1209 codicelli'indiculo,
1009 1151 1100 1197 anno
1126 1136 1236 1200 domi-

189 1235 288 1298 nicae
309 1233 558 1297 incarnationis
576 1249 816 1296 ncoccnxvn.
837 1232 1023 1296 indictione
1046 1236 1118 1296 xm.
1138 1238 1236 1318 regni

190 1354 272 1398 uero
290 1335 357 1396 mei
381 1336 500 1397 nium.
519 1353 596 1397 meo
614 1332 706 1396 fideli
728 1332 884 1396 ministro
907 1331 1109 1412 Brihtnooo,
1125 1356 1236 1419 quan-

190 1434 269 1497 dam
292 1433 425 1497 telluris
447 1441 593 1516 partem,
616 1434 748 1497 scilicet
766 1450 817 1496 .11.
840 1452 991 1510 mansas,
1014 1434 1074 1499 illo
1098 1437 1134 1500 in
1160 1436 1237 1501 loco

190 1535 251 1617 qui
276 1553 298 1596 a
323 1533 473 1598 solicolis
496 1534 639 1616 antiquo
661 1533 830 1596 uocabulo
852 1541 898 1598 aet
921 1531 1073 1600 Sudtune
1099 1537 1167 1600 and
1192 1546 1239 1602 aet

191 1635 434 1699 Bicanmersce
451 1635 659 1699 nominatur.
700 1632 780 1697 Tali
793 1640 908 1697 autern
923 1642 1041 1700 tenore
1059 1637 1123 1701 hoc
1137 1657 1238 1720 prae-

190 1735 285 1800 fatae
301 1734 555 1799 munificentiae
575 1753 673 1797 meae
692 1753 817 1796 munus
840 1735 1009 1799 tradendo
1030 1739 1184 1802 concessi
1199 1746 1239 1802 ut

191 1835 368 1919 possideat
392 1842 428 1899 et
451 1836 558 1899 libere
585 1834 784 1917 perfruatur
810 1835 973 1917 quamdiu
999 1837 1137 1914 uixerit,
1162 1858 1239 1901 cum

192 1937 351 2001 omnibus
370 1936 575 1999 utensilibus
597 1954 686 2018 quac
708 1934 792 1998 deus
812 1936 985 1999 coelorum
1006 1937 1078 2000 illic
1097 1940 1240 2015 creauit,

194 2043 265 2101 tam
295 2038 331 2100 in
362 2035 455 2100 notis
484 2036 598 2100 causis
623 2054 726 2118 quam
753 2034 788 2098 in
813 2056 882 2100 non
909 2037 1013 2114 notis,
1037 2038 1179 2101 modicis
1205 2047 1240 2103 et

194 2137 341 2218 magniS,
371 2137 514 2219 campis,
537 2137 688 2220 pascuis,
713 2136 841 2219 pratis3
877 2144 912 2200 ct
939 2144 1123 2220 postquam
1149 2139 1240 2203 niam

194 2238 377 2302 uniuersae
393 2238 507 2302 carnis
529 2237 664 2314 adierit,
682 2236 940 2301 succedentium
956 2238 1022 2303 sibi
1040 2241 1242 2323 cuicumque

195 2337 334 2402 haeredi
356 2337 517 2416 uoluerit,
540 2337 761 2402 aeternaliter
781 2336 1006 2420 derelinquat.
1052 2339 1105 2404 Sit
1126 2348 1242 2405 autem

195 2445 289 2502 terra
303 2439 389 2502 haec
405 2438 513 2501 libera
536 2439 580 2501 ab
603 2438 696 2502 omni
720 2437 829 2501 fiscali
852 2438 1005 2516 tributo,
1018 2448 1054 2504 et
1076 2441 1120 2505 ab
1147 2443 1240 2505 omni

195 2538 423 2603 saecularium
445 2539 652 2602 seruitutum
674 2557 778 2601 onere
799 2539 1046 2621 perpetualiter
1072 2542 1244 2619 absoluta,

196 2647 333 2722 praeter
350 2639 440 2703 arcis
457 2648 493 2703 et
508 2639 624 2722 pontis
637 2638 910 2717 instructionem,
927 2646 963 2703 ct
978 2642 1243 2723 expeditionem.

199 2739 283 2803 Istis
321 2739 524 2805 terminibus
554 2738 733 2822 praedicta
768 2747 861 2803 terra
894 2741 1137 2823 circumgirata
1169 2763 1244 2807 esse

196 2840 344 2905 uidetur.
398 2842 516 2904 AErest
542 2838 583 2902 01
605 2838 864 2921 Bucganstraite
890 2860 935 2905 on
954 2839 997 2904 lia
1022 2841 1144 2907 ealdan
1165 2843 1242 2922 dic;

200 2942 240 3007 01
251 2939 337 3005 aare
355 2940 478 3004 ealdan
494 2940 581 3004 (fici
600 2939 697 3003 aefter
713 2939 811 3004 furan
828 2959 873 3003 on
891 2940 1089 3024 rischridig3
1108 2944 1148 3007 01
1158 2945 1244 3007 risc-

199 3040 306 3105 hridie
321 3040 378 3105 est
400 3041 498 3104 aefter
523 3040 624 3104 furan
648 3060 692 3104 on
715 3030 889 3121 turfhleo;
916 3041 957 3105 01
974 3033 1129 3107 turfhlef)
1146 3044 1245 3108 aefter

200 3143 346 3207 heafdan
362 3141 411 3204 eft
432 3140 585 3223 andlang
602 3140 657 3203 fur
674 3160 717 3204 on
737 3139 986 3224 Pydewyllan3
1010 3143 1050 3206 01
1062 3142 1245 3227 Pydewyl-

200 3244 258 3307 lan
275 3242 426 3323 andlang
441 3261 554 3323 weges
571 3240 604 3306 to
620 3239 694 3303 acm
708 3240 912 3326 pedsdenne3
940 3241 1007 3307 oaet
1025 3244 1073 3307 eft
1090 3264 1135 3308 on
1154 3245 1245 3308 Buc-

202 3342 387 3425 ganstrffet;
414 3342 455 3406 01
472 3339 557 3405 δῶτε
576 3341 690 3405 strate
707 3340 859 3423 andlang
873 3340 950 3407 fura
970 3362 1016 3406 on
1034 3343 1246 3427 Hengestes-

200 3445 304 3522 br603
328 3442 481 3524 andlang
500 3442 616 3507 broces
638 3462 682 3506 on
707 3440 852 3506 Fildena
869 3443 1018 3525 wyllan3
1042 3445 1082 3509 01
1102 3446 1246 3510 Fildena

202 3544 331 3628 wyllan
353 3544 372 3606 ἃ
395 3542 547 3624 andlang
571 3542 672 3606 furan
694 3539 735 3606 od
760 3542 811 3605 hit
830 3541 928 3625 cymd
952 3544 1062 3610 eston
1085 3546 1246 3628 Bucgan·

201 3646 307 3710 strffet.
346 3645 423 3725 Ego
443 3651 558 3707 autem
582 3640 791 3708 Brihtnolius
808 3642 873 3707 hoc
889 3643 1018 3708 domini
1038 3647 1104 3709 mei
1121 3648 1247 3711 donum

202 3753 238 3810 et
265 3746 416 3825 regalem
447 3743 717 3808 munificentiam
750 3763 828 3806 cum
858 3743 928 3809 filio
958 3766 1047 3824 meo,
1073 3766 1174 3828 quem
1204 3747 1248 3811 ad

203 3845 421 3911 seruiendum
437 3845 515 3923 deo,
533 3843 698 3908 Oswaldo
716 3844 974 3929 archiepiscopo
997 3847 1163 3924 commisi,
1186 3867 1250 3930 pro

202 3946 355 4011 remedio
372 3947 507 4010 animae
527 3945 636 4027 ipsius
652 3945 781 4009 domini
803 3945 870 4009 mei
889 3948 980 4027 regis
1002 3954 1038 4010 et
1054 3967 1117 4029 pro
1139 3947 1251 4012 salute

204 4049 339 4112 animae
352 4065 460 4122 meae,
477 4045 541 4109 deo
557 4052 593 4109 et
609 4054 749 4110 sanctae
765 4043 900 4109 Mariae
914 4045 957 4109 ad
976 4066 1060 4111 usus
1073 4067 1251 4112 seruorum

204 4149 259 4212 dei
281 4146 512 4212 habitantium
541 4145 576 4209 in
609 4146 819 4210 monasterio
847 4146 998 4210 eiusdem
1031 4156 1172 4213 sanctae
1199 4149 1254 4212 dei
