2858 4890
444 398 617 447 canaria
642 399 984 448 aucnosaxouronn.
1174 381 1238 446 133

186 554 341 619 AEbelric
356 555 511 620 clericus.
563 558 632 639 ᾖ.
659 605 666 621 .
693 605 701 621 .
727 604 735 621 .
758 555 916 621 clericus.
975 557 1014 638 ›1‹
1034 554 1111 637 Ego
1120 554 1236 620 Wulf·

185 659 254 718 no’e
271 655 428 720 clericus.

615 871 816 938 oxcvrr.

569 997 822 1088 *aiocin.

239 1151 278 1232 ›1‹
307 1151 419 1216 chur
447 1172 547 1218 sacra
572 1154 711 1237 eloquia
743 1155 849 1218 uariis
880 1153 1007 1218 thomis
1040 1152 1233 1235 diffusaque

185 1251 305 1316 sedulo
321 1271 384 1317 nos
403 1252 633 1318 exhortantur
647 1255 791 1332 monitu,
808 1263 847 1318 ut
861 1254 945 1317 illuc
960 1255 1060 1317 bonis
1073 1272 1233 1336 perseue-

184 1357 301 1416 ranter
326 1353 459 1416 actibus
487 1354 676 1418 insistendo
706 1373 914 1436 magnopere
944 1353 1144 1416 festinemus
1173 1353 1232 1415 ubi

183 1451 344 1532 perennis
374 1452 556 1530 foelicitas,
586 1460 728 1517 aeterna
756 1455 905 1530 bonitas,
928 1452 1020 1516 alma
1051 1453 1230 1528 sanctitas,

184 1550 349 1614 continua
388 1553 634 1635 tranquillitas,
673 1573 808 1617 summa
849 1553 1054 1630 iocunditas,
1096 1553 1230 1634 perpeti

184 1649 280 1730 uiget
306 1651 469 1733 tripudio,
485 1652 583 1716 uelut
607 1654 776 1717 montium
802 1653 1026 1716 fundamenta
1046 1653 1232 1716 inextrica-

183 1747 310 1812 bilibus
335 1750 407 1814 fixa
430 1753 501 1815 sint
522 1752 710 1835 repagulis,
724 1761 839 1817 tamen
859 1753 1061 1835 plerumque
1083 1759 1231 1834 tempes-

184 1853 256 1911 tate
290 1856 326 1912 et
355 1851 490 1914 turbine
516 1871 630 1915 rerum
659 1853 947 1929 transitoriarum,
973 1852 1078 1914 etiam
1108 1851 1231 1933 religio

183 1956 326 2012 sanctae
350 1950 538 2015 aecclesiae
560 1952 703 2016 maculis
731 1954 951 2035 reproborum
976 1951 1166 2032 dissipatur
1189 1970 1231 2014 ac

183 2049 369 2131 rumpitur3
393 2049 521 2114 idcirco
544 2052 710 2115 incertum
727 2052 920 2116 futurorum
938 2058 1130 2133 temporum
1158 2058 1229 2114 sta-

183 2152 263 2223 turn¹
285 2150 517 2232 prouidentes,
548 2151 696 2232 posteris
728 2152 991 2215 succedentibus
1013 2148 1231 2232 profuturum

184 2267 258 2311 esse
275 2248 501 2326 decreuimus,
519 2258 558 2313 ut
576 2269 721 2331 eaquae
738 2252 909 2314 communi
926 2258 1078 2314 tractatu
1101 2249 1231 2314 salubri

184 2349 327 2414 consilio
355 2348 576 2426 definiuntur,
599 2351 702 2414 certis
730 2349 890 2413 litterulis
917 2350 1080 2414 roborata
1108 2350 1231 2413 confir-

183 2455 332 2512 mentur.
385 2448 466 2512 Hoc
487 2449 595 2531 igitur
618 2449 779 2530 estquod
802 2468 867 2530 ego
882 2449 1034 2530 Eadgar,
1058 2458 1231 2515 annuente

184 2546 365 2610 altithroni
396 2548 623 2612 moderatoris
660 2548 816 2630 imperio,
845 2548 1037 2630 Anglorum
1077 2557 1230 2613 caetera-

183 2666 327 2728 rumque
343 2648 496 2728 gentium
520 2648 557 2711 in
574 2649 719 2711 circuitu
741 2649 997 2730 persistentium
1020 2649 1233 2728 gubernator

185 2753 220 2809 et
246 2754 372 2823 rector,
400 2747 537 2810 cuidam
564 2748 754 2811 uenerabili
779 2755 968 2824 matronae,
991 2765 1078 2810 auae
1100 2748 1232 2813 scilicet

184 2864 293 2923 meae,
311 2866 400 2928 quae
422 2847 529 2910 nobili
541 2846 690 2929 Eadgifu
705 2855 923 2929 nuncupatur
936 2854 1109 2923 onomate,
1127 2847 1232 2911 deuo-

185 2945 290 3008 tionis
322 2946 396 3009 eius
427 2946 582 3010 sollertia
618 2947 839 3029 eiusdemque
872 2946 1029 3028 placatus
1053 2948 1231 3028 obsequio,

183 3044 348 3126 dignatus
365 3065 442 3108 sum
459 3045 626 3127 impertiri
645 3063 717 3110 mx.
733 3053 768 3110 et
782 3063 826 3110 .ν.
839 3046 972 3109 telluris
987 3064 1137 3121 mansas,
1154 3045 1231 3110 loco

183 3145 309 3208 celebri
338 3146 398 3227 qui
426 3147 470 3208 ab
495 3145 596 3208 huius
630 3146 813 3229 prosapiae
844 3144 995 3209 solicolis
1028 3153 1073 3207 aet
1105 3145 1232 3207 Meone

181 3245 369 3309 uocitatur.
421 3244 502 3309 Hoc
518 3244 625 3327 igitur
642 3245 819 3328 praefatae
834 3243 1087 3307 munificentiae
1103 3244 1229 3306 donum

182 3365 224 3409 eo
252 3344 475 3409 aeternaliter
497 3341 650 3408 concessi
672 3350 803 3420 tenore,
825 3351 865 3407 ut
887 3344 962 3406 uita
989 3343 1126 3418 comite,
1153 3361 1231 3406 cum

183 3444 341 3508 omnibus
362 3445 569 3508 utensilibus
585 3461 674 3525 quae
691 3443 775 3507 deus
800 3444 836 3505 in
857 3444 934 3525 ipsa
957 3442 1089 3505 telluris
1111 3462 1232 3525 super-

182 3544 259 3608 ficie
284 3543 488 3608 mirabiliter
509 3543 627 3620 edidit,
646 3543 721 3606 uoti
740 3561 880 3624 compos
901 3549 1023 3605 tenens
1044 3541 1231 3622 possideat,

184 3651 219 3707 et
246 3651 327 3727 post
355 3645 450 3707 uitae
477 3662 561 3707 suae
585 3643 766 3706 terminum
788 3642 1060 3723 quibuscumque
1082 3641 1233 3706 uoluerit

183 3741 388 3806 haeredibus
426 3743 565 3806 inmune
603 3741 830 3823 derelinquat.
907 3739 1070 3804 Ueterem
1106 3742 1231 3804 etenim

184 3841 287 3905 huius
302 3841 448 3904 ¹telluris
472 3849 603 3905 cartam
628 3849 781 3922 tempore
805 3859 873 3921 quo
901 3839 1039 3903 clitonis
1062 3839 1232 3920 fungebar

184 3940 296 4005 officio
312 3959 390 4003 mea
406 3939 510 4003 michi
532 3939 577 4002 ad
599 3939 861 4003 custodiendum
878 3939 1050 4001 commisit
1074 3958 1150 4014 aua,
1170 3940 1230 4003 sed

182 4060 246 4122 per
262 4039 506 4104 tumultuantis
519 4040 613 4102 uitae
633 4039 801 4102 incuriam
819 4058 895 4102 eam
918 4039 1062 4121 perdidi,
1077 4038 1134 4101 u'el
1156 4039 1231 4101 infi-

183 4137 328 4222 deliqui
347 4158 423 4204 eam
445 4139 536 4203 celat
560 4138 761 4219 ignoranter
783 4138 828 4202 ad
854 4137 1115 4203 custodiendum
1138 4156 1230 4201 com·
