2858 4890
461 379 634 428 curasan
657 381 1000 432 ancnosaxomcnn.
1204 372 1248 437 23

623 591 812 657 axani.

558 733 783 845 uincla,
805 766 882 832 ooo.

240 933 535 1018 fflAnrirnaono
547 938 583 1001 in
593 944 771 1002 aeternum
781 939 965 1020 regnante!
991 936 1172 1004 Uniuersis
1186 961 1242 1006 so-

192 1034 294 1117 phiae
310 1037 463 1101 studium
478 1038 611 1103 intento
633 1040 758 1103 mentis
781 1039 960 1103 conamine
980 1039 1101 1104 sedulo
1114 1041 1241 1106 riman·

191 1136 296 1213 tibus,
308 1136 440 1220 liquido
458 1139 607 1221 patescit
621 1140 715 1221 quod
731 1139 832 1203 huius
848 1139 943 1203 uitae
958 1140 1119 1223 periculis
1136 1143 1240 1207 nimio

189 1236 430 1319 ingruentibus
453 1246 583 1303 terrore
609 1240 752 1303 recidiui
779 1241 946 1303 terminus
974 1241 1082 1304 cosmi
1112 1261 1239 1324 appro-

190 1337 359 1420 pinquare
390 1339 602 1420 dinoscitur3
634 1349 673 1404 ut
704 1340 856 1405 ueridica
882 1338 1012 1404 Christi
1044 1343 1241 1425 promulgat

189 1439 374 1515 sententia,
397 1459 467 1522 qua
493 1441 577 1504 dicit
600 1440 750 1522 ‘Surget
776 1460 863 1523 gens
885 1448 1008 1505 contra
1032 1449 1182 1523 gentem,
1205 1453 1242 1509 et

189 1558 332 1621 regnum
363 1541 529 1604 aduersus
560 1541 729 1623 regnum,'
756 1549 791 1605 et
822 1541 964 1623 reliqua.
1018 1541 1241 1626 Quapropter

188 1658 253 1720 ego
272 1639 413 1722 Eadgar
437 1642 545 1705 totius
566 1640 769 1706 Britanniae
794 1642 957 1719 basileus,
973 1643 1146 1724 quandam
1172 1645 1237 1709 tel-

187 1739 272 1803 luris
303 1741 520 1824 particulam,
549 1741 635 1806 duos
668 1742 829 1806 uidelicet
861 1748 1016 1806 cassatos
1046 1763 1133 1825 quos
1167 1744 1238 1809 Re·

187 1842 371 1921 genweard
402 1849 573 1906 mercator
604 1842 745 1924 quidam
776 1842 858 1905 olim
892 1842 1104 1924 possederat,
1137 1844 1238 1910 iuxta

188 1940 365 2006 ciuitatem
389 1943 487 2020 sitoS,
507 1943 645 2011 domino
672 1950 791 2007 nostro
813 1942 917 2006 lhesu
936 1943 1074 2007 Christo
1096 1944 1237 2027 eiusque

185 2041 346 2122 genitrici
363 2043 498 2107 Mariae
515 2043 558 2107 ad
575 2063 789 2107 communem
804 2063 904 2107 usum
927 2043 1237 2110 sanctimonialium

185 2140 222 2204 in
239 2142 397 2207 Wiltune
422 2144 630 2224 degentium,
651 2153 794 2208 aeterna
819 2145 966 2225 largitus
995 2163 1071 2207 sum
1095 2144 1236 2227 dapsili-

187 2248 272 2320 tate,
304 2249 345 2306 ut
376 2244 563 2307 aecclesiae
594 2243 728 2309 Mariae
759 2245 936 2327 genitricis
965 2243 1094 2308 domini
1126 2248 1235 2312 nostri

187 2342 293 2407 lhesu
320 2343 450 2408 Christi
476 2353 708 2423 consecratae,
735 2365 814 2410 cum
837 2346 995 2409 omnibus
1017 2346 1235 2426 utensilibus,

185 2445 294 2526 pratis
325 2438 498 2522 uidelicet,
522 2446 673 2529 pascuiS,
700 2446 811 2525 siluis,
838 2445 1043 2510 molendinis
1066 2455 1234 2529 perpetuo

184 2544 368 2609 deseruiat.
421 2545 475 2610 Sit
495 2554 611 2610 autem
633 2546 834 2629 supradicta
851 2547 955 2610 tellus
974 2566 1052 2611 cum
1071 2548 1144 2612 suis
1165 2556 1235 2613 ter·

184 2645 286 2708 minis
308 2647 402 2709 omni
418 2654 574 2711 terrenae
595 2648 774 2712 seruitutis
798 2649 881 2730 iugo
899 2648 1020 2726 libera,
1042 2649 1152 2711 tribus
1172 2669 1233 2712 ex·

184 2746 307 2829 ceptis,
330 2754 407 2811 rata
429 2746 589 2811 uidelicet
620 2748 851 2830 expeditione,
875 2749 992 2832 pontis
1016 2749 1149 2812 arcisue
1179 2770 1233 2813 re-

183 2847 408 2912 stauratione.
461 2847 499 2911 Si
514 2849 591 2931 quis
610 2849 717 2931 igitur
736 2849 825 2912 hanc
846 2856 998 2913 nostram
1014 2848 1232 2912 donationem

184 2947 220 3011 in
232 2948 326 3013 aliud
338 2967 441 3031 quam
453 2949 694 3012 constituimus
707 2949 892 3013 transferre
900 2949 1060 3023 uoluerit,
1075 2950 1232 3030 priuatus

184 3050 358 3113 consortio
382 3057 524 3113 sanctae
545 3049 601 3113 dei
621 3050 808 3113 aecclesiae
834 3050 982 3114 aeternis
1006 3048 1160 3111 barathri
1179 3050 1232 3113 in·

185 3148 315 3213 cendiis
340 3149 498 3232 lugubris
523 3149 651 3231 iugiter
675 3170 754 3213 cum
786 3148 875 3213 Iuda
901 3148 1030 3214 Christi
1056 3149 1231 3232 proditore

185 3250 326 3332 eiusque
364 3249 588 3333 complicibus
626 3252 801 3334 puniatur,
825 3251 864 3341 ‘Si
894 3268 965 3312 non
995 3250 1231 3316 satisfactione

182 3350 417 3415 emendauerit
445 3370 600 3433 congrua
631 3350 723 3433 quod
753 3362 875 3415 contra
905 3356 1059 3414 nostrum
1086 3350 1233 3434 deliquit

184 3450 371 3516 decretum.
409 3451 478 3515 His
491 3453 593 3516 metis
607 3451 802 3535 praefatum
818 3470 878 3514 rus
891 3449 971 3514 hinc
988 3450 1067 3514 inde
1085 3451 1230 3532 giratur.

185 3549 251 3616 Dis
279 3559 361 3636 synt
382 3549 461 3616 hire
478 3553 593 3634 twiga
615 3552 697 3617 hida
716 3549 946 3635 landgemara
966 3548 1006 3613 he
1024 3550 1163 3615 Bliaher
1185 3552 1231 3615 aar

183 3651 295 3716 hafde.
341 3652 460 3717 AErest
482 3652 523 3716 of
541 3652 616 3717 dim
645 3652 825 3718 oterholan
851 3672 896 3716 on
918 3650 954 3714 hi
976 3651 1073 3728 ford3
1098 3651 1138 3716 of
1154 3650 1230 3717 haim

183 3752 282 3816 forda
305 3772 350 3817 on
371 3751 468 3819 haene
487 3753 734 3832 Wotanhlinc;
757 3759 873 3817 aanon
901 3742 952 3833 sip
978 3751 1130 3833 andlang
1154 3753 1231 3835 yth-

183 3853 303 3917 landes
322 3874 367 3918 on
388 3853 432 3917 da
453 3852 577 3918 ealdan
593 3854 661 3931 dic,
677 3852 829 3935 andlang
845 3854 899 3917 dic
916 3873 958 3915 on
974 3851 1070 3916 daene
1084 3851 1205 3935 Stapol
1221 3875 1229 3934 ;

182 3954 224 4018 of
235 3952 309 4018 ham
326 3955 469 4038 Stapole
491 3974 536 4017 on
552 3953 752 4019 Attendene
769 3952 940 4019 irfewerde
955 3974 964 4032 3
990 3953 1031 4017 of
1041 3950 1127 4016 heire
1144 3952 1230 4018 dene

182 4056 287 4120 innan
306 4054 431 4121 Auene
447 4075 492 4118 on
507 4053 604 4119 haene
619 4056 763 4138 greitan
786 4055 899 4133 hlinc;
924 4052 1035 4118 honan
1055 4074 1100 4117 on
1118 4052 1230 4118 morli-
1334 4094 1337 4099 -

185 4157 349 4237 crundel;
372 4157 413 4222 of
424 4155 684 4222 morhcrundele
695 4177 741 4221 on
754 4153 842 4220 hone
857 4156 986 4228 bradan
1003 4152 1150 4239 herpah;
1174 4153 1232 4232 ha-
