2858 4890
180 357 245 420 200
441 368 614 419 curaris
637 366 980 417 sucnossxorucrn.

181 528 251 611 pol,
275 527 411 611 Wylles
437 524 550 590 mulla.
620 525 725 591 Anno
763 525 954 589 dominicae
989 521 1240 587 incarnationis

183 645 488 693 mccccmxxxui.
521 628 651 712 scripta
679 634 733 690 est
758 626 843 690 haec
867 632 976 702 carta,
1008 623 1062 688 his
1090 623 1239 687 testibus

183 730 477 795 consentientibus
494 748 642 814 quorum
659 729 800 791 nomina
816 726 958 790 inferius
975 731 1202 789 caraxantur.

240 834 279 912 *1⁴
302 830 378 912 Ego
396 829 600 893 AEbelredus
625 849 687 893 rex
707 827 900 911 praefatam
923 826 1145 890 donationem
1162 843 1241 888 con-

184 931 283 995 cessi.
341 933 380 1013 'l‘
404 929 480 1012 Ego
493 931 655 993 Dunstan
670 927 945 995 Dorouernensis
959 927 1144 1009 episcopus
1162 944 1241 988 con-

185 1031 288 1096 sensi.
360 1035 398 1113 *l*
429 1031 506 1113 Ego
538 1029 679 1094 Oswald
710 1029 988 1112 archiepiscopus
1025 1025 1242 1090 confirmaui.

191 1135 230 1213 »1⁴
258 1131 335 1213 Ego
361 1130 552 1195 AEbelwold
585 1132 768 1214 episcopus
802 1129 1035 1194 corroboraui.
1108 1129 1148 1209 ›1‹
1166 1126 1243 1207 Ego

186 1229 344 1314 AElibryb
383 1231 531 1314 praefati
563 1232 655 1313 regis
691 1238 803 1295 mater
826 1229 1038 1293 confirmaui.
1111 1231 1151 1311 ›1‹
1166 1227 1244 1308 Ego

187 1333 364 1415 Ordbryht
395 1334 502 1397 abbas
532 1331 744 1396 confirmaui.
810 1330 942 1412 ›14Ego
966 1329 1102 1395 Leosric
1134 1329 1244 1394 abbas

187 1435 357 1498 consensi.
415 1435 455 1515 ›1‹
470 1434 546 1515 Ego
562 1433 694 1497 AElsere
711 1432 783 1496 dux
801 1431 1015 1513 consignaui.

633 1700 805 1769 DCXLI.

541 1818 806 1896 AEDELRED,
827 1819 903 1885 984.

243 1941 282 2019 »1⁴
313 1937 343 2001 0
370 1953 596 2001 nummicola
635 1936 802 2018 genitoris
834 1937 991 2018 ingeniti,
1025 1935 1247 2018 eiusdemque

189 2038 299 2101 natiui
314 2038 479 2102 diuinitus
497 2038 587 2101 unici
605 2057 683 2101 cum
701 2038 814 2102 sancti
830 2037 956 2102 unione
973 2037 1133 2120 paracliti
1150 2057 1248 2100 mon·

190 2138 307 2201 archia
342 2139 444 2201 rebus
481 2139 615 2202 essendi
648 2137 848 2203 facultatem
878 2157 919 2203 ac
951 2138 1019 2202 illis
1048 2158 1092 2202 ne
1123 2138 1247 2202 adnul-

72 2240 83 2262 ⁸
190 2240 305 2303 lentur
320 2259 462 2303 suauem
485 2239 687 2321 imperiente
704 2239 999 2320 gubernationem,
1016 2238 1115 2302 ‘filiis
1138 2239 1246 2321 adop-

191 2339 295 2403 tionis
311 2360 379 2404 non
402 2340 471 2403 iam
488 2347 649 2404 uetustae
671 2340 896 2422 configuratis
917 2339 1137 2422 ignorantiae
1158 2339 1248 2403 desi·

193 2439 308 2516 deriis,
325 2439 384 2503 sed
403 2440 590 2503 secundum
614 2439 702 2504 eum'
716 2448 756 2504 ut
774 2441 823 2504 ait
839 2442 961 2505 beatus
985 2441 1164 2524 apostolus
1182 2439 1249 2503 Pe-

193 2546 280 2615 trus,
298 2541 378 2622 ‘qui
396 2541 536 2604 uocauit
554 2561 616 2604 nos
640 2548 811 2618 sanctum,
826 2540 911 2623 ipsis
931 2561 1068 2625 quoque
1094 2541 1130 2603 in
1156 2540 1249 2604 omni

192 2647 314 2703 sancta
330 2642 592 2704 conuersatione
606 2641 775 2705 fundatis'
792 2641 1059 2707 commutatione
1074 2649 1250 2724 tempora-

193 2741 290 2817 lium,
316 2761 395 2822 spes
422 2741 616 2807 futurorum
648 2761 689 2806 ac
718 2742 938 2806 aeternaliter
966 2742 1251 2825 possidendorum

194 2841 395 2905 conceditur
422 2842 547 2906 fiducia
576 2844 755 2907 bonorum.
818 2841 935 2906 Huius
968 2842 1070 2907 michi
1096 2844 1252 2924 gratuito

195 2943 247 3006 uti
270 2944 415 3007 caeteris
442 2943 675 3008 allubescente
693 2944 819 3026 gratia,
837 2964 902 3025 ego
917 2942 1077 3008 AEdelred
1097 2944 1251 3026 regionis

195 3041 467 3125 Angligenarnm
495 3064 555 3107 rex
581 3044 791 3108 monasterio
817 3044 1129 3109 sanctimonialium
1159 3045 1253 3127 quod

194 3142 345 3210 insulani
373 3144 503 3208 usitato
526 3142 763 3207 Sebastesburi
785 3144 963 3226 appellant
988 3152 1149 3209 onomate
1172 3162 1251 3212 .xx.

197 3263 336 3311 mansas
352 3243 412 3306 illo
430 3245 464 3306 in
481 3244 557 3307 loco
572 3246 631 3327 qui
646 3251 729 3307 noto
746 3251 792 3308 aet
808 3245 973 3308 Tissebiri
988 3253 1135 3309 uocatus
1151 3266 1253 3310 uoca-

198 3344 288 3407 mine
308 3344 406 3420 sitas,
427 3364 514 3426 quas
536 3345 626 3408 sicut
643 3344 795 3426 antiquis
812 3345 931 3408 diebus
955 3365 1073 3410 omnes
1095 3354 1253 3410 anteces-

198 3463 293 3506 sores
319 3444 386 3506 mei
407 3443 488 3507 illuc
511 3444 738 3521 donauerunt,
756 3445 807 3508 ita
828 3466 893 3528 ego
911 3465 1049 3530 quoque
1070 3446 1137 3509 biis
1156 3448 1254 3528 regni

198 3544 265 3607 mei
297 3545 507 3625 temporibus
529 3544 671 3609 eandem
697 3546 917 3610 donationem
945 3566 1022 3610 cum
1045 3547 1254 3629 optimatum

199 3663 352 3708 meorum
376 3645 534 3709 consultu
553 3646 751 3711 renouando
773 3646 809 3708 in
832 3646 1080 3711 haereditatem
1102 3648 1255 3712 concedo

198 3763 395 3826 perennem.
449 3744 541 3808 Nam
558 3753 593 3810 et
609 3746 732 3810 uicinis
749 3753 830 3810 ante
853 3766 906 3811 me
925 3748 1149 3831 temporibus,
1167 3768 1256 3813 auus

198 3865 296 3909 meus
312 3844 493 3908 Eadmund
512 3846 654 3910 scilicet
678 3867 752 3922 rex,
780 3846 871 3910 idem
897 3868 960 3933 pro
984 3849 1256 3913 commutatione

200 3945 424 4013 Bucticanlea
438 3945 647 4026 adquisitum
660 3947 796 4028 coniugi
808 3948 1061 4030 suaeAElfgisae
1074 3949 1128 4012 ius
1143 3959 1254 4014 aeter·

199 4047 323 4111 naliter
347 4044 543 4109 habendum
570 4049 751 4125 concessit,
769 4055 804 4112 et
828 4048 906 4130 ipsa
932 4069 1069 4132 quoque
1098 4049 1185 4113 illud
1211 4050 1253 4114 ad

198 4147 333 4215 laudern
358 4146 488 4211 domini
507 4154 542 4211 et
557 4147 741 4214 saluatoris
764 4150 874 4213 nostri
892 4150 996 4222 Ibesu
1012 4149 1141 4216 Christi
1165 4152 1253 4216 eius·
