2858 4890
261 369 283 432 8
516 384 687 433 cnnnrnn
710 382 1047 432 nucaosnxorucnu.

268 542 361 605 felda
378 557 458 604 .xrt.
475 541 511 603 in
528 540 681 622 Cegham
707 559 784 604 cum
804 559 986 622 porcorum
1009 539 1147 623 pascuis
1167 559 1212 602 on
1229 536 1321 602 benc

268 641 371 718 wold,
387 641 531 705 atillam
554 641 722 705 cartulam
739 660 843 724 quam
860 660 1009 704 emeram
1027 641 1072 703 ab
1091 639 1251 704 Eduuino
1271 655 1320 702 .L.

269 742 441 805 mancusis
457 742 533 804 auri
551 742 687 823 probati
704 742 747 804 ad
764 741 1009 805 monasterinm
1026 739 1219 822 praefatum
1231 758 1320 803 con·

270 843 359 906 cessi
386 859 436 905 .x.
465 841 569 906 etiam
605 841 802 904 mansiones
836 841 874 904 in
904 840 1139 905 Whetindune
1169 855 1250 904 mx,
1280 839 1322 901 in

272 941 536 1006 Cubredesdune
549 961 626 1005 cum
640 942 780 1024 pascuis
791 940 863 1004 illic
875 941 940 1004 rite
953 941 1215 1022 pertinentibua
1240 938 1324 1003 Nec

272 1063 341 1107 non
359 1058 438 1106 .xx.
454 1042 491 1104 in
514 1040 689 1105 Mestham
706 1061 784 1104 cum
806 1041 964 1105 omnibus
989 1039 1202 1124 appendiciis
1224 1058 1323 1122 quae

271 1143 332 1207 illo
355 1142 529 1225 pertinent
547 1158 597 1206 .x.
614 1141 717 1205 etiam
735 1142 770 1203 in
786 1139 980 1224 Chepstede
999 1161 1077 1204 cum
1092 1138 1325 1204 Chaluedune

275 1261 326 1307 .x.
342 1244 377 1305 in
395 1242 568 1306 Benstede
586 1261 664 1304 cum
678 1239 971 1306 Subemercsfclda
984 1249 1019 1304 et
1030 1257 1107 1305 .xx.
1121 1241 1325 1304 mansiones

271 1343 307 1406 in
334 1341 506 1406 Ebesham
534 1361 612 1404 cum
637 1343 795 1406 omnibus
825 1342 869 1406 ad
902 1361 941 1405 se
969 1342 1035 1405 rite
1061 1340 1322 1424 pertinentibus

276 1459 356 1506 .x11.
375 1460 458 1504 uero
480 1442 515 1504 in
539 1440 692 1505 Bocham
718 1430 768 1506 .x‡
791 1443 827 1504 in
844 1441 1023 1506 Clondune
1048 1457 1127 1505 ax,
1150 1440 1186 1503 in
1203 1439 1326 1505 Cone·

273 1542 354 1605 ham
377 1561 455 1605 cum
480 1541 691 1606 Pontintone
708 1559 751 1604 .v.
775 1543 880 1605 etiam
906 1543 943 1605 in
966 1541 1092 1605 Biflete
1112 1561 1190 1604 cnm
1206 1539 1324 1624 Way·

273 1643 398 1722 brigga
415 1658 462 1704 .x.
481 1649 596 1706 autem
610 1643 646 1704 in
664 1641 843 1706 Waltham
862 1658 941 1706 .xx.
961 1642 1064 1705 etiam
1087 1642 1123 1704 in
1139 1641 1327 1724 Muleseye

274 1760 361 1826 quas
371 1741 470 1805 Edwi
485 1743 612 1806 iniuste
625 1742 669 1806 ad
681 1748 856 1805 uetustum
862 1742 1059 1807 Wentanae
1071 1741 1326 1805 monasterium

274 1842 468 1924 dereliquit,
485 1842 577 1925 qnod
595 1862 660 1923 ego
681 1842 807 1905 iterum
824 1850 859 1906 et
874 1842 1056 1924 episcopus
1071 1839 1328 1906 AEbclnuoldus

272 1941 535 2006 iustificanimns
559 1943 659 2006 etad
687 1943 932 2006 monasterium
954 1942 1130 2024 proprium
1158 1941 1201 2004 ad
1226 1942 1326 2024 quod

273 2044 338 2106 rite
366 2043 561 2124 pertinebat
590 2041 917 2106 commendauimue
971 2041 1077 2105 Hanc
1100 2061 1184 2122 ergo
1214 2040 1326 2105 liber-

273 2149 380 2206 tatern
395 2149 430 2205 et
444 2143 738 2206 confirmationem
755 2162 818 2225 pro
838 2140 1004 2224 petitione
1021 2149 1056 2205 et
1073 2140 1325 2206 ammonitione

273 2242 481 2306 uenerabilis
501 2242 654 2324 episcopi
669 2241 900 2319 AEbeluuoldi,
917 2261 994 2305 meo
1015 2241 1238 2305 dilectissimo
1261 2243 1328 2306 ab·

275 2342 348 2406 bati
364 2339 579 2418 AEbelstano,
597 2343 656 2424 qui
684 2349 766 2405 tunc
791 2343 955 2425 temporis
979 2342 1089 2405 eidem
1112 2344 1327 2407 monasterio

274 2442 436 2524 praefuit,
459 2440 620 2524 placabili
642 2443 767 2506 mentis
791 2443 977 2507 denocione
996 2441 1140 2519 dictare,
1161 2442 1328 2522 scribere,

275 2542 513 2606 commendare
536 2550 571 2605 et
593 2541 794 2606 confirmare
815 2543 1011 2625 procuraui.
1063 2541 1144 2605 Hoc
1159 2562 1242 2606 uero
1260 2542 1325 2607 de-

273 2648 404 2706 cretum
427 2661 448 2704 a
469 2642 569 2706 nobis
592 2640 739 2706 libenter
760 2661 960 2706 concessum
985 2641 1103 2706 taliter
1125 2642 1326 2709 confirmari

275 2750 310 2806 et
326 2741 457 2804 seruari
474 2741 701 2817 decernimuS,
719 2749 758 2806 ut
781 2749 854 2819 tam
875 2743 974 2806 nobis
997 2743 1071 2805 uita
1095 2743 1220 2807 comite
1239 2763 1325 2825 pro-

273 2842 365 2922 picia
388 2840 569 2905 diuinitate
599 2842 697 2923 regni
722 2842 957 2923 gubernacula
981 2843 1191 2923 regentibus,
1216 2862 1326 2925 quam

273 2941 399 3004 futuris
415 2942 671 3005 successoribus
692 2941 914 3006 haereditatis
938 2943 1013 3005 iure
1035 2942 1203 3024 regnandi
1222 2963 1325 3008 mon-

275 3040 426 3105 archiam
454 3043 661 3117 tenentibuS‚
691 3042 923 3106 inextricabili
949 3043 1026 3123 lege
1053 3043 1195 3107 firmiter
1220 3045 1327 3109 robo-

273 3149 379 3204 retur.
431 3141 559 3224 Siquis
580 3162 664 3206 uero
687 3142 776 3206 hanc
795 3143 989 3207 libertatem
1012 3163 1140 3225 augere
1158 3144 1325 3220 uoluerit,

276 3240 450 3322 adaugeat
464 3243 682 3324 omnipotens
705 3242 790 3306 deus
816 3242 882 3306 sibi
904 3243 1012 3307 uitam
1034 3243 1069 3305 in
1093 3243 1157 3307 hoc
1180 3246 1325 3310 saeculo

275 3340 483 3423 longaeuam
502 3348 548 3418 et,
564 3349 644 3422 post
665 3341 767 3405 finem
789 3343 889 3407 istius
912 3343 1017 3420 uitae,
1041 3344 1201 3407 coelestis
1222 3348 1327 3426 regni

274 3441 531 3504 iocunditatem.
578 3441 614 3505 Si
630 3442 708 3523 quis
726 3462 821 3518 uero,
837 3443 929 3526 quod
945 3463 1014 3506 non
1031 3451 1203 3526 optamus,
1217 3444 1325 3512 huius

275 3540 403 3604 decreti
420 3540 653 3623 syngrapham
673 3541 859 3623 infringere
883 3543 1118 3625 temptauerit,
1138 3552 1200 3608 aut
1220 3545 1329 3610 aliter

276 3659 378 3723 quam
405 3659 427 3703 a
450 3640 549 3703 nobis
569 3648 737 3704 statutum
764 3651 817 3707 est
844 3644 996 3707 minuere
1023 3645 1206 3721 studuerit,
1230 3646 1276 3710 sit
1304 3668 1330 3712 a

268 3740 448 3828 consortio
473 3740 602 3804 Christi
631 3741 819 3807 aecclesiae
850 3751 885 3807 et
907 3763 928 3807 a
951 3744 1097 3826 collegio
1122 3753 1328 3813 sanctorum

274 3838 382 3903 hicet
403 3840 438 3902 in
460 3839 576 3905 futuro
596 3849 812 3924 segregatuS,
836 3863 986 3927 parsque
1008 3844 1083 3908 cius
1106 3864 1183 3908 cum
1203 3848 1327 3912 auaris

274 3941 525 4023 rapacibusque
552 3949 713 4022 ponatur,
736 3943 878 4026 eiusque
899 3944 1062 4025 ligamine
1088 3965 1125 4008 se
1154 3947 1327 4012 constric-

275 4047 348 4102 tum
364 4041 453 4103 sciat
468 4040 523 4103 cui
538 4040 697 4106 Christus
715 4043 831 4107 claues
854 4046 951 4126 regni
972 4045 1132 4109 coelestis
1147 4066 1328 4112 commen·

275 4138 361 4202 dans
377 4140 437 4217 ait,
461 4140 538 4204 ‘Tu
555 4161 591 4205 es
611 4141 737 4206 Petrus
757 4152 792 4208 et
812 4165 917 4226 super
936 4145 1025 4209 hanc
1049 4153 1183 4227 petram
1202 4148 1328 4213 aedifi·
