2858 4890
451 376 624 427 eusnrsn
645 376 987 428 nueuosnxonrcnr.
1192 360 1236 425 57

182 534 220 601 iu
234 535 376 620 regione
391 535 473 620 Elig
494 538 600 601 sitnm
622 535 813 602 dinoscitur
832 536 1037 619 antiquitus,
1055 556 1096 600 ac
1121 537 1235 602 sancti

185 636 283 701 Petri
297 637 535 720 apostolorum
548 637 713 720 principis
731 636 860 701 bonore
870 636 1079 716 dedicatum,
1091 637 1233 703 decora-

183 743 327 821 tumque
354 737 510 821 reliquiis
538 744 575 801 et
602 736 777 801 miraculis
806 736 919 800 almae
945 738 1092 819 uirginis
1118 737 1235 803 AEdcl-

184 836 326 920 drydae,
343 838 441 902 cuius
459 838 534 902 uita
552 837 758 901 uenerabilis
780 837 879 901 nobis
901 838 1075 901 modernis
1090 837 1236 904 historia

185 935 381 1020 Anglorum
400 938 581 1020 promitur,
597 957 687 1022 quae
703 936 807 1001 etiarn
825 937 1075 1020 incorruptibili
1091 959 1234 1022 corpore

182 1036 351 1103 hactenus
378 1038 518 1102 condita
540 1037 717 1102 mausoleo
741 1057 934 1102 marmoreo
957 1039 1037 1103 albo
1057 1039 1233 1122 perdurat.

185 1136 302 1203 Imeus
315 1137 464 1222 denique
482 1138 692 1221 praedictus,
708 1137 886 1202 deficiente
905 1139 1049 1203 seruitio
1069 1139 1136 1216 dei,
1154 1160 1235 1204 uos-

184 1244 241 1302 tra
266 1245 384 1303 aetate
408 1238 518 1320 regali
546 1238 630 1302 fisco
655 1237 814 1302 subditus
839 1245 934 1318 erat3
962 1239 1024 1303 sed
1047 1258 1068 1303 a
1092 1241 1234 1304 secretis

184 1344 304 1403 noster
328 1334 579 1403 AEteluuoldus
606 1337 729 1421 deique
756 1345 902 1415 amator,
926 1338 1054 1403 diocesi
1083 1340 1235 1404 Uuiuto-

184 1432 313 1502 uiensis
330 1439 484 1503 ciuitatis
498 1438 659 1520 fungens,
671 1436 763 1501 datis
774 1437 873 1502 uobis
889 1440 1074 1521 sexaginta
1088 1441 1235 1505 cassatis

183 1537 220 1601 iu
242 1538 330 1603 uilla
351 1557 441 1622 quae
463 1540 507 1603 ab
529 1538 657 1603 accolis
674 1536 890 1619 Heartingas
913 1546 1143 1622 nuncupatur,
1159 1561 1234 1605 mu·

184 1639 300 1703 tuanit
323 1638 438 1704 locum
461 1639 676 1721 praedictum
697 1658 775 1703 cum
797 1638 1011 1721 appendiciis
1034 1641 1121 1719 eius,
1147 1661 1234 1724 aug·

184 1738 410 1823 mentauique
424 1740 632 1805 mutuatioui
648 1747 719 1804 tres
739 1738 841 1802 uillas
859 1758 949 1822 quae
970 1740 1024 1804 his
1039 1741 1235 1806 nominibus

184 1840 397 1918 uocitautnr,
428 1839 669 1916 Meldeburua,
699 1838 978 1921 Earmiugaford,
1013 1839 1235 1917 Norsuuold,

185 1945 221 2003 et
245 1937 321 2022 ipse
345 1940 426 2004 ilico
451 1939 651 2016 monachos,
676 1957 754 2002 meo
781 1939 925 2003 consilio
951 1947 986 2003 et
1010 1940 1153 2018 auxilio,
1170 1942 1235 2006 deo

185 2038 332 2104 fideliter
344 2039 497 2120 regulari
516 2058 636 2103 norma
656 2039 847 2103 sarcientes
869 2040 1047 2122 perplures
1067 2042 1151 2104 inibi
1163 2043 1235 2107 col·

183 2139 326 2218 locauit,
359 2141 553 2224 quibusque
582 2139 813 2205 Brihtnosum
838 2140 1011 2222 quendam
1043 2142 1234 2223 sapientem

184 2259 226 2304 ac
241 2241 329 2305 bene
350 2239 596 2323 morigeratum
619 2241 731 2304 uirum
754 2240 942 2323 praepositi
963 2241 1038 2304 iure
1057 2242 1235 2322 praefecit.

186 2339 252 2404 Cui
283 2340 421 2404 effectui
451 2340 636 2405 admodum
665 2360 730 2422 ego
755 2340 978 2421 congaudens
1004 2341 1235 2406 laetabundus

183 2460 248 2524 pro
275 2460 393 2505 amore
420 2439 550 2505 Christi
581 2447 617 2505 et
647 2440 759 2504 sancti
789 2439 887 2504 Petri
918 2460 1020 2523 quem
1050 2450 1235 2524 patronum

184 2541 289 2606 michi
310 2541 375 2605 sub
390 2540 455 2605 deo
472 2541 561 2624 elegi
578 2547 614 2605 et
627 2548 771 2605 sauctae
787 2539 990 2605 Edeldridac
1010 2542 1156 2624 uirginis
1172 2544 1237 2609 deo

184 2641 343 2720 dilectae,
366 2650 403 2706 et
424 2642 497 2706 cius
512 2642 696 2724 prosapiae
714 2647 857 2705 sanctae
874 2641 944 2704 illic
962 2643 1183 2724 quiescentis,
1201 2653 1238 2709 et

182 2761 247 2824 pro
264 2742 445 2806 animabus
457 2747 595 2824 patrum
609 2760 761 2806 meorum
776 2761 896 2824 regum
911 2742 1132 2824 antiquorum
1143 2763 1236 2826 ang·

184 2848 340 2906 meutare
369 2841 512 2923 largiter
541 2841 791 2906 mutuationem
815 2842 912 2905 illam
935 2841 988 2905 bis
1020 2842 1132 2922 doniS,
1165 2853 1236 2909 tes-

185 2942 278 3006 tibus
309 2941 514 3007 cousiliariis
545 2942 642 3019 meis,
675 2941 779 3019 uolo;
812 2941 878 3006 hoc
904 2948 958 3005 est
984 2942 1101 3006 decem
1127 2945 1236 3009 millia

184 3042 416 3124 anguillarum
433 3062 523 3125 quae
543 3043 637 3106 omni
653 3061 745 3106 anno
761 3043 796 3105 in
814 3042 899 3105 uilla
912 3061 1001 3123 quae
1018 3052 1064 3106 aet
1080 3042 1234 3127 Uuyllan

183 3141 322 3220 dicitnr,
345 3162 409 3225 pro
435 3142 656 3225 expeditione
678 3142 880 3220 redduntur,
906 3142 1070 3206 fratribus
1095 3143 1139 3206 ad
1161 3144 1236 3208 uic·

183 3242 294 3307 tualia
304 3243 406 3307 modo
423 3251 458 3308 et
471 3242 634 3325 deinceps
647 3243 820 3307 concedo:
844 3250 879 3306 et
894 3242 987 3306 iutra
995 3242 1139 3324 paludes
1153 3264 1236 3309 cau-

184 3361 241 3407 sas
264 3343 461 3407 saeculares
475 3342 622 3407 duorum
645 3344 910 3418 centuriatuum,
928 3349 964 3406 et
976 3351 1077 3407 extra
1092 3344 1235 3427 paludes

182 3444 336 3527 quinque
371 3443 626 3508 centuriatuum
661 3444 697 3507 in
731 3443 953 3508 Uuiclauuan
985 3442 1019 3506 iu
1052 3444 1232 3525 prouincia

185 3542 416 3608 Orientalium
436 3542 614 3608 Saxonum
639 3544 787 3625 benigne
807 3544 851 3607 ud
873 3543 1018 3606 fratrum
1040 3548 1236 3611 necessaria

183 3644 370 3708 sanciendo
389 3644 529 3726 largior.
583 3642 785 3721 Quinetiam
803 3663 922 3707 omnes
938 3662 1063 3707 causas
1079 3664 1142 3708 seu
1158 3665 1234 3710 cor-

184 3744 358 3826 reptiones
378 3743 695 3825 transgressionum
715 3744 828 3808 iustae
850 3743 938 3825 legis
959 3744 994 3807 in
1017 3747 1233 3810 sermonibus

183 3844 418 3909 saecularibus
442 3844 595 3908 omnium
620 3852 790 3908 terrarum
812 3845 886 3908 siue
911 3843 1073 3907 uillarum
1096 3845 1140 3908 ad
1160 3866 1234 3909 mo-

185 3944 374 4008 nasterium
387 3944 601 4027 praedictum
619 3946 684 4009 rite
700 3945 957 4026 pertinentium,
973 3951 1008 4007 et
1020 3964 1109 4027 quae
1126 3945 1162 4008 in
1181 3946 1234 4009 fu-

185 4050 300 4109 turum
323 4063 447 4108 aeuum
470 4044 525 4108 dei
546 4045 765 4127 prouidentia
789 4045 865 4109 loco
888 4044 1046 4126 praefato
1065 4045 1235 4126 largitura

184 4151 249 4223 est,
267 4145 343 4210 siue
363 4146 548 4227 emptione,
565 4165 625 4209 seu
647 4146 833 4211 donatione
850 4152 910 4209 aut
925 4145 1043 4227 aliqua
1059 4145 1151 4209 iusta
1174 4147 1235 4209 ad-
