2858 4890
180 349 245 415 192
437 367 609 414 cHARTnu
632 366 972 413 Ancuosnxonlonu.

181 544 257 588 cum
275 523 403 588 Christi
423 525 672 600 benedictione,
690 531 877 605 nostraque
902 523 1062 585 libertate
1088 519 1232 583 derelin-

181 633 277 705 quat.
330 624 366 688 Si
390 626 468 707 quis
494 632 621 700 autem,
646 624 737 706 quod
764 623 867 699 absit,
895 621 984 684 banc
1010 620 1232 685 donationem

181 724 290 788 liuore
314 744 452 806 pressus
470 725 679 807 nequissimo
697 730 853 805 auertere
878 722 1048 785 studuerit
1068 722 1110 800 in
1127 719 1232 796 aliud,

182 843 285 904 quam
318 823 373 887 bic
407 831 505 888 extat
531 843 643 899 usum,
679 823 735 886 uel
765 823 794 885 si
820 822 990 904 quispiam
1015 821 1162 884 fortuitu
1191 821 1231 883 ad

181 923 247 986 hoc
284 922 529 986 destruendum
563 924 699 987 scedam
742 922 894 1004 aliquam
931 920 1232 993 demonstrauerit‚

182 1030 370 1104 perpetuae
403 1023 649 1087 combustionis
683 1023 866 1085 atrocitate
902 1020 1120 1102 dampnatus,
1156 1040 1231 1082 cum

185 1120 274 1185 Iuda
290 1122 417 1186 Christi
445 1123 627 1204 proditore,
653 1140 694 1184 ac
716 1121 871 1184 Satanan
894 1121 1069 1202 pestifero,
1095 1119 1233 1209 Iuliano

183 1240 316 1284 necnon
337 1222 539 1297 miserrime,
557 1221 742 1302 Pilatoque
769 1221 919 1302 lugubri,
943 1238 984 1283 ac
1011 1221 1157 1283 caeteris
1184 1220 1233 1281 iu-

184 1320 363 1384 fernalium
390 1322 618 1384 claustrorum
640 1321 851 1384 saeuissimis
874 1319 1235 1402 commanipularibus

184 1418 356 1483 horrifluis
379 1421 612 1502 sartaginibus
636 1428 823 1502 perpetuae
852 1419 1029 1500 gehennae
1062 1420 1235 1501 decoqua-

184 1526 252 1598 tur,
270 1538 311 1581 ac
334 1521 439 1601 piceis
463 1520 613 1583 tenebris
634 1521 848 1601 miseriisque
873 1519 1080 1601 perennibus
1100 1538 1236 1601 perma-

144 1662 153 1679 .
185 1626 266 1682 neat
288 1619 457 1696 addictus,
480 1621 546 1682 nisi
573 1626 653 1682 ante
674 1620 794 1682 mortis
822 1618 1004 1682 articulum
1027 1639 1104 1683 cum
1130 1619 1237 1683 nimia

184 1717 420 1782 satisfactione
451 1718 645 1794 emendare,
680 1736 721 1781 ac
755 1725 888 1782 tantam
923 1719 1236 1800 praesumptionem

185 1818 383 1881 oblitterare
397 1826 471 1882 toto
490 1818 667 1882 conamine
683 1819 865 1881 studuerit.
893 1817 1010 1881 Huius
1025 1838 1109 1882 sane
1126 1837 1237 1900 quan·

185 1917 320 1982 titatem
339 1919 429 2000 prati
445 1918 708 2000 longitudinem,
725 1938 833 1981 necne
849 1917 1079 1980 latitudinem.
1132 1915 1237 1981 Anno

184 2017 375 2109 dominicae
415 2018 661 2082 incarnationis
692 2033 995 2081 .ncccc.uxxx1u.
1023 2017 1156 2099 scripta
1186 2028 1239 2082 est

185 2118 329 2180 cartula.

582 2331 847 2400 DCXXXVI.

532 2471 796 2549 AEDELRED,
818 2472 892 2536 983.

243 2615 281 2693 ›1‹
305 2610 458 2674 Cuucrn
485 2612 700 2676 saeculorum
728 2612 936 2692 patrimonia
962 2612 1102 2675 incertis
1131 2634 1237 2696 nepo-

188 2718 261 2774 tum
290 2711 493 2773 haeredibus
521 2710 773 2793 relinquuntur,
791 2719 825 2775 et
846 2712 956 2775 omnis
982 2712 1100 2775 mundi
1125 2715 1239 2795 gloria

188 2811 486 2893 adpropinquante
514 2811 650 2874 debitae
677 2811 797 2874 mortis
821 2813 968 2875 termino
1000 2812 1043 2874 ad
1072 2813 1237 2877 nichilum

188 2912 329 2975 redacta
361 2910 510 2974 fatescit.
556 2909 692 2973 Idcirco
715 2911 859 2973 terrenis
885 2912 1091 2974 caducarum
1122 2933 1238 2977 rerum

188 3011 462 3092 possessionibus
481 3030 616 3091 semper
630 3030 794 3073 mansura
809 3030 979 3093 supernae
995 3013 1129 3092 patriae
1146 3034 1237 3077 emo-

188 3109 341 3174 lumenta
368 3110 596 3192 adipiscentes
622 3109 760 3172 domino
789 3111 1029 3191 patrocinante
1054 3111 1235 3178 lucremur.

190 3209 271 3286 Qua
291 3209 333 3273 de
354 3230 391 3272 re
412 3230 477 3291 ego
494 3207 654 3272 AEbelred
674 3209 791 3271 diuina
806 3208 861 3272 dei
882 3211 996 3291 gratia
1015 3210 1238 3293 dispensante

189 3308 339 3371 basileus
356 3310 463 3372 totius
479 3308 718 3391 Bryttanniae,
728 3309 863 3372 cuidam
880 3329 956 3373 meo
972 3309 1063 3372 fideli
1079 3311 1238 3377 ministro

189 3408 325 3470 nomine
342 3405 531 3470 AEbelwine
551 3425 600 3471 .x.
615 3427 753 3471 mansas
775 3408 921 3471 libenter
942 3411 1133 3473 concedens
1161 3433 1238 3494 per·

190 3506 338 3580 donaba
365 3505 436 3568 illic
465 3507 524 3569 ubi
553 3507 680 3588 uulgus
706 3508 821 3589 prisca
845 3508 1012 3572 relatione
1035 3512 1169 3574 uocitat
1194 3521 1240 3576 aet

191 3604 295 3683 Clife3
313 3606 477 3687 quatinus
493 3607 580 3669 bene
596 3607 792 3688 perfruatur
806 3627 847 3670 ac
864 3609 1110 3690 perpetualiter
1125 3613 1239 3692 possi·

191 3706 272 3768 deat
286 3705 448 3787 quamdiu
464 3706 538 3769 uita
554 3726 667 3769 comes
684 3705 803 3783 suerit;
830 3714 960 3789 etpost
978 3727 1015 3771 se
1036 3711 1242 3794 cuicumque

190 3805 328 3868 haeredi
354 3804 591 3888 derelinquere
619 3805 768 3869 uoluerit
793 3806 935 3869 liberam
969 3807 1095 3873 babeat
1121 3818 1241 3890 potes-

190 3911 297 3968 tatem
327 3905 488 3969 donandi.
550 3905 603 3969 Sit
629 3912 744 3969 autem
770 3907 983 3987 praedictum
1009 3927 1068 3970 rus
1092 3909 1242 3975 liberum

191 4006 235 4068 ab
257 4005 349 4067 omni
372 4006 481 4086 regali
502 4005 644 4068 seruitio
663 4024 741 4068 cum
762 4007 919 4069 omnibus
935 4007 979 4069 ad
996 4026 1034 4070 se
1050 4008 1116 4072 rite
1133 4013 1243 4090 perti-

191 4104 362 4180 neptibus,
380 4106 521 4187 campis,
541 4105 692 4186 pascuis,
710 4105 828 4187 pratis,
850 4105 960 4182 siluiS,
984 4109 1140 4191 exceptis
1164 4111 1244 4175 istis
