2858 4890
449 364 622 413 cusanca
645 366 986 420 auctosnxorucan.
1184 360 1251 422 369

595 621 847 690 cccxxvi.

588 740 855 841 ninuunn.

245 920 353 1003 »14111
382 923 519 987 nomine
547 923 659 987 almae
687 925 854 988 trinitatis
883 932 918 988 et
947 924 1145 991 indiuiduae
1174 930 1247 992 uni-

191 1019 286 1096 tatis,
301 1024 412 1104 patris
438 1030 474 1087 et
496 1022 559 1086 11111
584 1033 619 1087 et
641 1024 784 1106 spiritus
807 1024 932 1102 sancti,
951 1026 1075 1106 quibus
1102 1037 1155 1091 est
1178 1048 1247 1094 una

191 1122 354 1198 essentia,
382 1142 445 1205 par
466 1123 590 1200 deitas,
612 1131 647 1187 et
674 1123 825 1187 indiuisa
852 1125 1027 1201 maiestas,
1055 1131 1245 1193 communis

190 1241 293 1303 apex,
319 1223 457 1288 trinitas
485 1223 521 1286 in
544 1223 692 1300 nomine,
710 1225 825 1288 unitas
853 1225 887 1287 in
917 1225 1058 1302 deitate,
1084 1236 1244 1294 aeternus

191 1329 268 1386 ante
296 1323 414 1387 omnia
444 1323 595 1400 saecula,
621 1324 657 1387 in
683 1324 752 1388 fine
777 1325 907 1389 saeculi
933 1325 1034 1389 bomo
1059 1326 1172 1390 sactus
1199 1349 1243 1393 ex

190 1422 323 1504 uirgine
365 1431 404 1488 ut
436 1443 500 1487 nos
534 1423 715 1488 redimeret
755 1444 841 1506 quos
878 1427 1020 1490 creauit.
1090 1425 1244 1510 Ideoque

191 1541 330 1587 necesse
350 1530 404 1587 est
424 1523 516 1587 utin
541 1525 616 1587 istis
633 1525 842 1589 transitoriis
871 1544 912 1589 ac
935 1526 1093 1607 fugitiuis
1119 1528 1242 1609 opibus

190 1622 413 1704 adquiramus
445 1624 544 1687 nobis
573 1625 609 1686 in
641 1625 747 1705 coelis
779 1632 972 1688 manentem
1001 1627 1243 1706 substantiam,

187 1742 292 1805 quam
310 1742 375 1788 nec
392 1723 512 1788 oculus
530 1724 617 1789 uidit
633 1744 696 1788 nec
714 1725 807 1789 auris
826 1725 960 1789 audiuit
975 1745 1036 1789 nec
1054 1746 1149 1789 mens
1167 1748 1243 1809 per-

190 1823 302 1905 cipere
325 1823 439 1905 potuit
460 1824 622 1889 humana.
659 1823 768 1888 Cuius
784 1825 1096 1908 praedestinatione
1119 1827 1243 1893 iccirco

188 1942 251 2005 ego
273 1923 497 1987 Eadmundns
513 1922 674 2007 AEbeling
692 1945 766 2001 rex,
789 1945 853 2006 pro
876 1944 991 1989 amore
1018 1926 1243 2008 redemptoris

187 2023 297 2087 nostri
321 2031 356 2087 et
380 2032 520 2106 propter
538 2045 660 2088 nomen
688 2033 845 2089 sanctum
869 2026 928 2109 qui
956 2026 1044 2089 dixit
1066 2027 1184 2090 ‘Date
1207 2039 1241 2093 et

188 2123 328 2189 dabitur
342 2121 464 2202 uobis,'
482 2125 628 2208 ideoque
654 2144 745 2189 nunc
772 2125 907 2190 donabo
929 2125 993 2189 deo
1016 2128 1243 2208 omnipotenti

187 2225 353 2306 exiguum
370 2245 495 2287 munus
514 2224 659 2289 ruricole
681 2226 717 2288 in
743 2227 818 2289 loco
845 2227 905 2309 qui
930 2227 974 2288 ab
996 2226 1119 2288 incolis
1146 2230 1240 2291 uoci-

188 2332 283 2389 tatur
312 2332 359 2389 aet
396 2324 618 2408 Pegecyrcan
659 2327 694 2388 in
734 2334 901 2409 perpetua
932 2325 1156 2403 haereditate,
1197 2329 1240 2390 ad

186 2425 299 2489 locum
323 2425 415 2509 quod
438 2425 564 2489 dicitur
586 2425 726 2489 Nouum
752 2425 996 2490 monasterium
1018 2437 1159 2490 sanctae
1183 2429 1241 2491 tri-

186 2526 307 2589 nitatis
321 2545 363 2588 ac
379 2526 555 2607 genitricis
566 2526 694 2589 domini
710 2527 818 2589 nostri
837 2535 940 2608 atque
957 2526 1109 2589 omnium
1125 2539 1240 2592 sanct-

186 2645 296 2704 orum,
314 2645 377 2708 pro
394 2626 627 2708 redemptione
645 2627 778 2689 animae
795 2645 891 2689 meae
913 2633 948 2689 et
972 2627 1128 2706 coniugis
1144 2648 1240 2691 meae

186 2733 219 2789 et
242 2746 309 2808 pro
336 2726 450 2790 anima
478 2725 619 2803 Siuerbi,
647 2726 682 2788 id
705 2734 759 2790 est
782 2745 883 2789 unam
908 2745 1062 2788 mansam
1086 2735 1120 2790 et
1142 2727 1248 2791 dimi-¹

186 2826 276 2889 diam
294 2827 331 2889 in
348 2826 549 2908 supradicta
569 2827 666 2902 uilla,
682 2834 716 2890 et
736 2834 805 2890 tres
823 2826 972 2908 perticas
998 2827 1034 2887 iu
1053 2826 1136 2888 uilla
1151 2846 1240 2907 quae

186 2925 315 2991 dicitur
328 2925 505 2991 Wealtun.
559 2926 617 2990 Ita
638 2927 789 2990 habeant
806 2926 896 2988 sicut
912 2924 1073 2988 Siuerbus
1091 2925 1240 2990 babebat

184 3026 217 3088 iu
232 3027 320 3102 uita,
338 3025 373 3088 in
389 3026 603 3107 longitudine
622 3034 657 3090 et
672 3026 708 3088 iu
731 3025 923 3100 latitudine,
940 3026 975 3088 in
997 3025 1130 3105 magnis
1153 3032 1187 3088 et
1205 3027 1238 3088 in

185 3126 329 3190 modicis
358 3128 482 3203 rebus,
498 3128 640 3209 campis,
667 3127 816 3208 pascuis,
844 3126 965 3207 pratis,
993 3125 1103 3200 siluis,
1128 3123 1238 3189 thelo-

185 3247 286 3291 neum
304 3245 484 3308 aquarum,
502 3228 726 3309 piscationem
751 3227 786 3289 in
813 3225 1007 3307 paludibus.
1054 3224 1107 3287 Sit
1124 3232 1238 3288 autem

183 3327 398 3408 praedictum
422 3345 480 3389 rus
498 3327 643 3391 liberum
660 3326 704 3389 ab
728 3325 821 3388 omni
838 3324 956 3388 seruili
972 3324 1100 3387 tributo
1117 3344 1236 3388 saecu-

184 3427 378 3509 lariumque
407 3427 655 3508 seruitiumque
680 3425 906 3500 exinanitum,
934 3424 1043 3487 tribus
1071 3427 1239 3506 exceptis,

184 3533 270 3602 rata,
290 3526 460 3603 uidelicet,
478 3526 711 3609 expeditione,
727 3532 762 3588 et
778 3525 894 3607 pontis
914 3525 1048 3586 arcisue
1064 3533 1238 3589 restaura-

183 3627 290 3691 tione,
344 3625 595 3709 Praecipioque
612 3626 648 3688 in
665 3626 802 3688 nomine
819 3624 930 3688 sancti
950 3623 1149 3701 saluatoris,
1168 3632 1238 3687 tam

183 3728 283 3790 nobis
310 3725 506 3790 uiuentibus
534 3744 637 3808 quam
669 3723 772 3788 etiam
804 3725 862 3806 qui
888 3722 1150 3786 christianitatis
1174 3745 1237 3788 no·

183 3827 276 3889 mine
292 3833 328 3890 et
344 3826 380 3888 in
400 3826 538 3889 diuinae
560 3825 748 3906 agnitionis
772 3823 838 3886 lide
865 3832 1059 3899 censentur,
1077 3832 1115 3886 ut
1134 3822 1236 3887 huius

181 3925 353 3990 libertatis
378 3932 512 3990 statuta
532 3926 574 3988 ad
597 3925 696 3989 irrita
718 3923 885 3987 deducere
910 3923 1079 4005 quispiam
1098 3924 1237 3988 minIme

182 4032 395 4111 praesumat.
448 4025 616 4108 Quisquis
644 4031 760 4088 autem
792 4023 960 4087 beneuola
1000 4030 1113 4085 mente
1149 4021 1238 4086 hanc

183 4134 338 4191 nostram
364 4124 582 4190 donationem
612 4132 647 4188 et
666 4124 886 4187 elemosinam
909 4122 1119 4203 amplificare
1146 4132 1239 4186 sata·

232 4243 320 4290 uon.
338 4240 393 4289 111.
1028 4239 1089 4282 nu
