2858 4890
437 388 612 438 casuras
633 387 974 439 aucuoslxomcaa
1174 373 1242 440 819

180 546 416 630 praemonitus
441 546 661 624 consiliariis,
687 555 723 612 et
747 549 792 612 ab
818 547 896 631 ipso
922 567 1058 614 summo
1084 550 1238 614 omnium

179 646 348 730 largitore
378 649 545 712 bonorum
583 647 764 713 dirissimis
799 648 950 713 bostium
985 649 1141 732 maniter
1174 670 1238 714 uos

178 747 471 832 depopulaucium
498 748 703 814 creberrime
732 749 953 831 angustiatus
986 749 1146 832 flagellis,
1173 770 1239 833 ego

181 847 388 913 AEbelredus
426 868 489 913 rex
513 847 721 931 Anglorum,
760 857 801 915 ut
846 850 1067 934 supradictae
1109 870 1243 915 merear

179 949 357 1032 particeps
369 949 443 1014 sore
459 949 710 1032 promissionis,
726 949 899 1031 quoddam
916 950 1055 1016 Christo
1067 960 1103 1016 et
1117 959 1241 1016 sancto

181 1068 250 1114 suo
272 1066 450 1131 germano,
466 1050 600 1115 scilicet
624 1069 713 1127 meo,
732 1049 937 1127 Eadwerdo,
967 1071 1069 1134 quem
1102 1054 1243 1136 proprio

182 1168 307 1215 cruore
332 1148 507 1234 perfusum
531 1169 593 1234 per
615 1150 821 1233 multiplicia
844 1149 1012 1215 uirtutum
1036 1153 1148 1234 signa,
1165 1153 1241 1236 ipse

183 1249 346 1315 dominus
371 1251 500 1314 nostris
531 1249 714 1315 mirificare
742 1249 907 1333 diguatus
937 1258 991 1315 est
1016 1254 1240 1336 temporibus,

184 1369 266 1414 cum
287 1350 467 1416 adiacente
495 1350 647 1434 undique
669 1350 755 1416 uilla
782 1350 903 1415 humili
928 1351 1112 1418 deuotione
1136 1353 1242 1418 offero

185 1451 389 1517 coenobium
406 1450 499 1533 quod
514 1450 706 1533 uulgariter
720 1458 767 1515 aet
776 1450 990 1516 Bradcsorda
1007 1453 1244 1534 cognominat-

188 1551 313 1629 ur,boc
323 1570 457 1616 mecum
472 1550 539 1616 sub
554 1550 749 1634 sapientum
764 1570 917 1616 meorum
928 1552 1125 1617 testimonio
1138 1555 1243 1618 tacite

189 1651 443 1734 praeiudicans,
469 1658 511 1716 ut
537 1651 774 1734 supradictum
802 1650 929 1715 donum
957 1659 1081 1716 sancto
1109 1671 1244 1737 semper

190 1751 368 1818 subiaceat
383 1751 592 1816 monasterio
614 1757 661 1815 aet
676 1750 898 1816 Sceltesbirio
922 1752 1088 1830 uocitata,
1104 1771 1145 1816 ac
1162 1753 1243 1817 diti·

191 1853 247 1917 oni
273 1851 480 1917 uenerabilis
505 1850 656 1916 familiae
680 1851 992 1916 sanctimonialium
1013 1853 1099 1917 inibi
1117 1853 1245 1935 degen-

191 1954 290 2031 tium,
319 1959 493 2036 quatenus
529 1951 697 2016 aduersus
730 1952 953 2016 barbarorum
987 1953 1130 2017 insidias
1169 1953 1246 2036 ipsa

191 2052 354 2136 religiosa
388 2052 620 2134 congregatio.
652 2070 730 2115 cum
766 2053 860 2116 beati
894 2054 1057 2135 martyris
1097 2061 1246 2118 caetero·

192 2172 336 2236 rumque
356 2161 556 2218 sanctorum
572 2151 727 2235 reliquiis
747 2152 873 2216 ibidem
898 2153 963 2217 deu
984 2153 1159 2217 seruiendi
1184 2155 1248 2216 im·

192 2253 403 2338 penetrabile
436 2253 592 2335 optineat
626 2251 837 2333 confugium.
906 2253 953 2317 Et
993 2251 1120 2336 adepto
1152 2260 1247 2336 post·

194 2355 333 2419 modum
349 2354 379 2417 si
394 2353 450 2418 dei
465 2351 700 2417 misericordia
714 2352 766 2416 ita
781 2351 971 2435 prouiderit
984 2353 1081 2435 pacis
1094 2361 1248 2436 tempore

194 2473 314 2519 rursus
336 2454 381 2518 ad
402 2453 583 2537 pristinum
600 2458 819 2517 reuertantur
832 2459 974 2530 statum,
991 2472 1033 2517 ea
1055 2461 1171 2518 tamen
1193 2472 1249 2517 ra·

194 2555 299 2632 tione,
317 2560 358 2619 ut
379 2553 416 2618 in
431 2552 510 2618 loco
526 2572 629 2637 quem
645 2552 783 2617 domino
801 2552 913 2637 optuli
931 2573 1013 2635 pars
1035 2554 1250 2637 aliquantula

196 2675 239 2720 ex
265 2655 346 2738 ipsa
369 2661 548 2718 remaneat
571 2652 713 2730 familia,
738 2672 828 2735 quae
853 2651 960 2717 diuini
982 2653 1095 2736 operis
1130 2653 1251 2719 sedula

197 2855 346 2938 sapienti
361 2853 506 2919 consilio
522 2854 647 2936 prioris
664 2854 932 2936 praemeditetur
948 2852 1129 2917 industria.
1191 2853 1251 2918 Sin

197 2957 285 3021 alias
302 2955 504 3037 praeuideet
520 2955 664 3018 rectoris
680 2954 904 3030 examinatio,
921 2953 1013 3016 unde
1029 2953 1153 3017 ibidem
1171 2972 1252 3017 cou-

197 3056 294 3121 tinue
306 3061 511 3119 exerceatur
526 3052 611 3118 ordo
628 3053 850 3136 psalmodiae,
863 3064 903 3118 ut
918 3061 1032 3117 autem
1049 3053 1118 3117 ista
1134 3059 1254 3117 nostra

197 3155 340 3222 donatio
368 3153 682 3219 incommutabilem
713 3154 831 3236 capiat
868 3154 1105 3228 stabilitatem,
1141 3158 1177 3216 et
1216 3162 1256 3218 ut

198 3260 400 3340 praesentes
417 3254 499 3339 quid
521 3254 707 3319 obserueut
728 3253 785 3317 uel
807 3252 890 3335 quid
910 3254 1164 3336 subsequantur
1181 3272 1254 3316 cer·

199 3357 271 3422 tius
291 3361 484 3438 agnoscant
511 3352 631 3428 futuri,
655 3352 721 3418 boc
748 3352 879 3417 interea
904 3353 968 3417 hac
988 3344 1129 3417 scedula
1150 3370 1258 3417 anno·

201 3456 269 3521 tari
283 3454 425 3537 dignum
441 3454 538 3531 duxi,
556 3453 719 3537 quatinus
741 3453 955 3536 praescripta
976 3452 1061 3516 uilla
1076 3471 1159 3516 cum
1184 3471 1256 3516 om-

201 3557 304 3621 nibus
319 3554 368 3619 ad
388 3570 430 3619 so
450 3553 517 3620 rite
538 3553 801 3637 pertinentibus,
818 3552 962 3636 campis,
980 3552 1089 3630 silum,
1104 3553 1257 3634 pascuis,

202 3655 322 3740 pratis,
337 3655 389 3719 ita
403 3672 488 3719 saue
509 3662 547 3718 ut
569 3671 635 3734 ego
656 3653 731 3736 ipse
751 3652 846 3716 illam
868 3653 905 3716 iu
930 3670 1014 3716 usus
1036 3644 1257 3734 possederam

203 3753 363 3840 proprios
376 3753 564 3819 uenerabili
576 3751 797 3835 supradictae
811 3751 961 3816 familiae
971 3751 1112 3816 Christo
1122 3761 1259 3816 sancto·

201 3872 272 3941 que
316 3852 462 3937 martyri
500 3854 713 3917 incessanter
750 3851 931 3916 famulanti
965 3870 1101 3934 semper
1143 3852 1260 3916 subiu-

202 3962 308 4039 getur
329 3953 514 4030 liberrima,
551 3953 663 4018 tribus
703 3951 941 4017 tantummodo
979 3951 1135 4034 exceptis
1171 3969 1263 4014 com-

203 4054 360 4120 munium
389 4052 547 4117 laborum
579 4052 813 4132 utilitatibus3
848 4051 878 4116 si
912 4051 1091 4132 contingat
1124 4049 1264 4132 expedi-

203 4154 333 4225 tionem
349 4152 675 4237 promoueri,arcem
691 4159 900 4236 pontemque
912 4152 1079 4218 construi.
1116 4147 1264 4232 Hocque
