2858 4890
179 356 244 420 146
434 368 607 416 curnula
634 365 983 415 lucrosaxonronn,

647 619 767 685 ocu.

598 738 819 831 niueis.

238 917 462 998 »1⁴D0u1nus
473 915 691 996 omnipotens
703 915 762 996 qui
774 914 862 978 uiuit
873 914 910 976 in
922 920 1100 977 aeternum
1112 933 1236 977 creans

184 1017 301 1082 omnia
329 1016 432 1081 simul
457 1014 575 1079 diuino
602 1021 637 1077 et
663 1020 864 1077 co-aeterno
889 1014 996 1077 uerbo
1024 1033 1088 1077 sex
1113 1013 1235 1076 diebus

184 1117 349 1181 formulas
374 1134 489 1178 rerum
517 1113 678 1177 distinxit
701 1114 941 1194 singularum!
994 1113 1050 1176 Ex
1073 1121 1235 1178 creatura

185 1217 292 1298 igitur
317 1222 506 1279 creatorem
532 1231 722 1295 agnoscens
745 1212 947 1289 mirabilem,
969 1215 1170 1295 praesentia
1191 1214 1235 1277 ad

185 1315 380 1379 futurorum
402 1313 693 1395 comparationem
715 1313 895 1389 bonorum,
918 1312 1014 1376 uelut
1033 1313 1238 1395 quisquilia

186 1434 263 1477 rum
296 1414 501 1497 peripsema,
533 1412 589 1475 uel
621 1411 786 1475 foetidam
817 1412 1040 1476 melancoliae
1077 1414 1237 1476 nausiam

186 1512 399 1596 apporiando
429 1513 630 1593 reprobans,
660 1517 820 1575 aeternae
849 1510 1074 1575 beatitudinis
1102 1513 1237 1577 emolu-

186 1619 305 1676 menta
344 1609 544 1675 medullitus
580 1610 709 1673 lucrariv
745 1610 957 1686 desiderans,
991 1630 1057 1692 ego
1094 1611 1237 1694 Eadgar

187 1712 307 1775 diuina
328 1710 497 1791 largiente
516 1710 630 1791 gratia
645 1710 753 1773 totius
770 1709 989 1773 Brittanniae
1008 1729 1082 1787 rex,
1101 1711 1147 1774 ob
1163 1711 1235 1775 ani-

186 1830 264 1874 mae
281 1830 378 1875 meae
394 1809 540 1874 salutem
564 1808 730 1890 regnique
749 1810 858 1873 nostri
875 1829 917 1873 ac
933 1809 1080 1874 filiorum
1097 1830 1236 1876 succes-

186 1929 371 1992 sorumque
403 1908 555 1971 omnium
584 1909 861 1991 prosperitatem,
889 1909 1063 1990 quoddam
1096 1928 1157 1973 rus
1184 1926 1233 1976 .Χ.

187 2009 347 2073 uidelicet
374 2027 574 2071 mansarum
606 2008 802 2090 quantitate
827 2014 999 2086 taxatum,
1031 2009 1162 2073 usitato
1189 2018 1236 2074 aet

188 2107 336 2172 Clearan
360 2114 596 2189 nuncupatum
622 2107 805 2183 uocabulo,
829 2107 910 2171 olim
935 2109 979 2171 ab
1001 2105 1130 2172 Abulso
1152 2129 1233 2191 rege

186 2208 295 2271 totins
317 2206 372 2269 sui
386 2206 562 2287 regiminis
580 2224 661 2269 rura
677 2206 871 2270 decimante
887 2206 932 2270 ad
950 2207 1233 2272 refocillationem

185 2305 388 2389 pontificum
413 2305 610 2387 praedictae
626 2304 860 2369 Wintoniensi
882 2307 1068 2371 aecclesiae
1091 2314 1235 2372 aeterua

186 2405 350 2486 largitum
376 2413 430 2468 est
446 2403 657 2486 dapsilitate,
681 2404 915 2487 modernoque
936 2412 1090 2489 tempore
1113 2425 1135 2470 a
1156 2409 1234 2489 qui·

186 2503 332 2567 busdam
355 2503 495 2585 perfidis
518 2505 645 2567 iniuste
668 2505 881 2568 abstractum
904 2506 1112 2588 raptoribus,
1132 2526 1232 2571 reue·

186 2603 313 2666 rendae
328 2604 475 2667 trinitati
490 2603 665 2685 Petroque
680 2604 916 2684 apostolorum
929 2604 1076 2686 principi
1090 2607 1235 2688 eiusque

187 2703 405 2785 co-apostolo
437 2701 550 2766 Paulo
582 2708 724 2764 aeterna
753 2703 905 2768 solutum
936 2703 1096 2768 libertate
1124 2703 1234 2769 bumi-

187 2801 266 2865 liter
287 2802 445 2865 restituo.
498 2800 578 2863 Hoc
609 2800 645 2863 in
669 2800 799 2865 Christi
829 2803 966 2866 nomine
993 2803 1169 2887 praecipio
1195 2813 1234 2869 ut

185 2921 285 2964 nemo
303 2920 539 2964 successorum
550 2918 704 2962 meorum
715 2901 848 2964 uiolare
858 2901 1024 2965 audacter
1035 2912 1235 2985 praesumat

186 3000 278 3082 quod
296 3019 361 3080 ego
377 3019 529 3062 meorum
553 2999 760 3062 auctoritate
783 3020 962 3082 procerum
979 3000 1117 3068 domino
1139 3023 1236 3068 recu-

186 3099 338 3180 perando
361 3098 505 3161 restitui.
558 3096 688 3178 Siquis
705 3106 820 3162 autem
841 3099 1044 3182 philargiria
1069 3101 1234 3167 seductus

186 3198 305 3280 aliqua
322 3217 414 3259 noua
431 3205 466 3260 et
482 3196 676 3259 adulterina
698 3199 833 3261 cartula
850 3199 940 3261 hanc
956 3206 1109 3263 nostram
1128 3202 1234 3283 largi·

187 3296 292 3359 fluam
323 3315 345 3358 a
376 3296 513 3359 domino
544 3294 743 3359 abstrahere
774 3298 922 3362 uoluerit
954 3298 1235 3380 munificentiam,

187 3393 372 3457 anathema
397 3394 454 3469 sit,
470 3401 506 3456 et
521 3394 644 3457 inferni
661 3395 827 3459 incendiis
845 3393 985 3460 assiduo
1000 3399 1144 3480 punitus
1160 3401 1234 3482 iugi

187 3492 325 3556 miseria
356 3493 529 3555 cruciatus
559 3487 716 3560 intereat.
771 3495 883 3559 Uetus
911 3515 1060 3578 namque
1085 3506 1122 3560 et
1148 3498 1234 3563 baec

186 3610 279 3654 noua
296 3609 400 3673 quam
418 3590 509 3654 edidi
530 3591 668 3655 domiuo
690 3592 878 3676 instigante
903 3595 1038 3659 cartula
1060 3595 1135 3677 iugi
1157 3616 1234 3679 pro·

186 3691 279 3754 fectu
294 3690 425 3771 uigeat,
438 3698 473 3754 et
484 3710 601 3754 omnes
617 3693 676 3772 qni
687 3692 718 3754 ei
735 3692 897 3756 inuamen
911 3693 1142 3776 impenderint
1155 3715 1235 3778 pec·

186 3790 357 3852 caminum
381 3807 520 3853 suornm
540 3790 675 3852 ueniam
699 3793 950 3875 consequendo,
961 3799 1122 3858 aeternae
1139 3795 1234 3861 uitae

184 3888 433 3952 beatitudinem
451 3888 590 3952 Christo
612 3889 782 3970 largiente
804 3892 994 3956 obtineant.
1048 3891 1102 3956 Sit
1118 3902 1235 3960 autem

182 3987 249 4051 hoc
267 3984 546 4068 rusAEbelwoldo
557 3988 716 4070 praesule
734 3991 923 4068 obtinente,
935 3990 1055 4055 eadem
1073 3991 1234 4061 libertate

182 4087 371 4167 gloriosum
395 4106 464 4169 qua
490 4087 612 4169 priscis
638 4087 751 4152 fuerat
774 4091 985 4172 temporibus
1007 4090 1232 4172 insignitum:
