<?xml version="1.0" encoding="UTF-8"?>
<!DOCTYPE html PUBLIC "-//W3C//DTD XHTML 1.0 Transitional//EN"
    "http://www.w3.org/TR/xhtml1/DTD/xhtml1-transitional.dtd">
<html xmlns="http://www.w3.org/1999/xhtml" xml:lang="en" lang="en">
 <head>
  <title>
</title>
<meta http-equiv="Content-Type" content="text/html;charset=utf-8" />
  <meta name='ocr-system' content='tesseract 3.04.00' />
  <meta name='ocr-capabilities' content='ocr_page ocr_carea ocr_par ocr_line ocrx_word'/>
</head>
<body>
  <div class='ocr_page' id='page_1' title='image "./codexdiplomatic00kembgoog_0104.png"; bbox 0 0 2858 4890; ppageno 0'>
   <div class='ocr_carea' id='block_1_1' title="bbox 450 350 1238 417">
    <p class='ocr_par' dir='ltr' id='par_1_1' title="bbox 450 350 1238 417">
     <span class='ocr_line' id='line_1_1' title="bbox 450 350 1238 417; baseline -0.005 -1"><span class='ocrx_word' id='word_1_1' title='bbox 450 368 623 417; x_wconf 78' lang='lat' dir='ltr'><strong>cunnuns</strong></span> <span class='ocrx_word' id='word_1_2' title='bbox 645 367 987 416; x_wconf 75' lang='lat' dir='ltr'><strong>nuceosaxonrcrn.</strong></span> <span class='ocrx_word' id='word_1_3' title='bbox 1193 350 1238 412; x_wconf 78' lang='grc'><strong>45</strong></span> 
     </span>
    </p>
   </div>
   <div class='ocr_carea' id='block_1_2' title="bbox 182 525 1245 3624">
    <p class='ocr_par' dir='ltr' id='par_1_2' title="bbox 182 525 1242 2601">
     <span class='ocr_line' id='line_1_2' title="bbox 182 525 1238 609; baseline 0.001 -22"><span class='ocrx_word' id='word_1_4' title='bbox 182 544 259 587; x_wconf 86' lang='lat' dir='ltr'><strong>rum</strong></span> <span class='ocrx_word' id='word_1_5' title='bbox 274 531 471 589; x_wconf 87' lang='lat' dir='ltr'><strong>nostrorum</strong></span> <span class='ocrx_word' id='word_1_6' title='bbox 487 545 666 609; x_wconf 90' lang='lat' dir='ltr'><strong>procerum</strong></span> <span class='ocrx_word' id='word_1_7' title='bbox 689 526 887 607; x_wconf 85' lang='lat' dir='ltr'><strong>gratissimo</strong></span> <span class='ocrx_word' id='word_1_8' title='bbox 910 525 1025 589; x_wconf 90' lang='lat' dir='ltr'><strong>animo</strong></span> <span class='ocrx_word' id='word_1_9' title='bbox 1049 533 1085 589; x_wconf 95' lang='lat' dir='ltr'><strong>et</strong></span> <span class='ocrx_word' id='word_1_10' title='bbox 1100 526 1238 606; x_wconf 83' lang='lat' dir='ltr'><strong>integra</strong></span> 
     </span>
     <span class='ocr_line' id='line_1_3' title="bbox 183 624 1238 709; baseline 0.002 -22"><span class='ocrx_word' id='word_1_11' title='bbox 183 624 366 689; x_wconf 82' lang='lat' dir='ltr'><strong>uoluntate</strong></span> <span class='ocrx_word' id='word_1_12' title='bbox 380 626 449 689; x_wconf 89' lang='lat' dir='ltr'><strong>uisi</strong></span> <span class='ocrx_word' id='word_1_13' title='bbox 469 645 589 690; x_wconf 89' lang='lat' dir='ltr'><strong>sumus</strong></span> <span class='ocrx_word' id='word_1_14' title='bbox 610 626 839 709; x_wconf 85' lang='lat' dir='ltr'><strong>praestitisse,</strong></span> <span class='ocrx_word' id='word_1_15' title='bbox 864 645 905 689; x_wconf 90' lang='lat' dir='ltr'><strong>eo</strong></span> <span class='ocrx_word' id='word_1_16' title='bbox 933 626 1094 690; x_wconf 87' lang='lat' dir='ltr'><strong>uidelicet</strong></span> <span class='ocrx_word' id='word_1_17' title='bbox 1119 626 1238 690; x_wconf 86' lang='lat' dir='ltr'>ordine</span> 
     </span>
     <span class='ocr_line' id='line_1_4' title="bbox 185 726 1237 808; baseline 0.002 -20"><span class='ocrx_word' id='word_1_18' title='bbox 185 732 226 788; x_wconf 93' lang='lat' dir='ltr'><strong>ut</strong></span> <span class='ocrx_word' id='word_1_19' title='bbox 263 726 355 789; x_wconf 88' lang='lat' dir='ltr'><strong>sicut</strong></span> <span class='ocrx_word' id='word_1_20' title='bbox 391 732 547 808; x_wconf 88' lang='lat' dir='ltr'><strong>tempore</strong></span> <span class='ocrx_word' id='word_1_21' title='bbox 582 726 882 808; x_wconf 86' lang='lat' dir='ltr'><strong>praedecessorum</strong></span> <span class='ocrx_word' id='word_1_22' title='bbox 922 746 1076 790; x_wconf 86' lang='lat' dir='ltr'><strong>meorum</strong></span> <span class='ocrx_word' id='word_1_23' title='bbox 1110 727 1237 791; x_wconf 84' lang='lat' dir='ltr'>ibidem</span> 
     </span>
     <span class='ocr_line' id='line_1_5' title="bbox 185 825 1238 910; baseline 0.001 -21"><span class='ocrx_word' id='word_1_24' title='bbox 185 825 311 890; x_wconf 92' lang='lat' dir='ltr'><strong>chorus</strong></span> <span class='ocrx_word' id='word_1_25' title='bbox 335 826 557 909; x_wconf 87' lang='lat' dir='ltr'><strong>psallentium</strong></span> <span class='ocrx_word' id='word_1_26' title='bbox 581 847 643 910; x_wconf 92' lang='lat' dir='ltr'><strong>per</strong></span> <span class='ocrx_word' id='word_1_27' title='bbox 659 835 791 891; x_wconf 87' lang='lat' dir='ltr'><strong>turmas</strong></span> <span class='ocrx_word' id='word_1_28' title='bbox 813 827 878 891; x_wconf 89' lang='lat' dir='ltr'><strong>fnit</strong></span> <span class='ocrx_word' id='word_1_29' title='bbox 902 827 1095 904; x_wconf 86' lang='lat' dir='ltr'><strong>institutus,</strong></span> <span class='ocrx_word' id='word_1_30' title='bbox 1110 827 1160 890; x_wconf 92' lang='lat' dir='ltr'><strong>ita</strong></span> <span class='ocrx_word' id='word_1_31' title='bbox 1183 829 1238 890; x_wconf 90' lang='lat' dir='ltr'><strong>die</strong></span> 
     </span>
     <span class='ocr_line' id='line_1_6' title="bbox 186 926 1238 1010; baseline 0.003 -21"><span class='ocrx_word' id='word_1_32' title='bbox 186 932 362 1009; x_wconf 88' lang='lat' dir='ltr'><strong>noctuque</strong></span> <span class='ocrx_word' id='word_1_33' title='bbox 374 927 411 990; x_wconf 94' lang='lat' dir='ltr'><strong>in</strong></span> <span class='ocrx_word' id='word_1_34' title='bbox 424 927 503 991; x_wconf 90' lang='lat' dir='ltr'><strong>loco</strong></span> <span class='ocrx_word' id='word_1_35' title='bbox 521 928 598 1010; x_wconf 87' lang='lat' dir='ltr'><strong>ipso</strong></span> <span class='ocrx_word' id='word_1_36' title='bbox 619 927 821 993; x_wconf 83' lang='lat' dir='ltr'><strong>celebretur.</strong></span> <span class='ocrx_word' id='word_1_37' title='bbox 873 926 910 990; x_wconf 89' lang='lat' dir='ltr'><strong>Si</strong></span> <span class='ocrx_word' id='word_1_38' title='bbox 933 934 1049 990; x_wconf 85' lang='lat' dir='ltr'><strong>autem</strong></span> <span class='ocrx_word' id='word_1_39' title='bbox 1065 929 1238 1010; x_wconf 85' lang='lat' dir='ltr'>quispiam</span> 
     </span>
     <span class='ocr_line' id='line_1_7' title="bbox 185 1025 1238 1092; baseline 0.002 -3"><span class='ocrx_word' id='word_1_40' title='bbox 185 1025 276 1090; x_wconf 95' lang='lat' dir='ltr'><strong>hanc</strong></span> <span class='ocrx_word' id='word_1_41' title='bbox 302 1034 457 1091; x_wconf 88' lang='lat' dir='ltr'><strong>nostram</strong></span> <span class='ocrx_word' id='word_1_42' title='bbox 485 1028 727 1092; x_wconf 85' lang='lat' dir='ltr'><strong>auctoritatem</strong></span> <span class='ocrx_word' id='word_1_43' title='bbox 756 1027 813 1091; x_wconf 90' lang='lat' dir='ltr'><strong>uel</strong></span> <span class='ocrx_word' id='word_1_44' title='bbox 839 1027 1091 1092; x_wconf 85' lang='lat' dir='ltr'><strong>immunitatem</strong></span> <span class='ocrx_word' id='word_1_45' title='bbox 1117 1028 1238 1091; x_wconf 91' lang='lat' dir='ltr'><strong>insrin-</strong></span> 
     </span>
     <span class='ocr_line' id='line_1_8' title="bbox 186 1127 1240 1211; baseline 0 -19"><span class='ocrx_word' id='word_1_46' title='bbox 186 1147 269 1210; x_wconf 85' lang='lat' dir='ltr'><strong>gere</strong></span> <span class='ocrx_word' id='word_1_47' title='bbox 281 1127 444 1205; x_wconf 88' lang='lat' dir='ltr'><strong>uoluerit,</strong></span> <span class='ocrx_word' id='word_1_48' title='bbox 460 1136 496 1192; x_wconf 90' lang='lat' dir='ltr'><strong>et</strong></span> <span class='ocrx_word' id='word_1_49' title='bbox 509 1128 595 1192; x_wconf 87' lang='lat' dir='ltr'><strong>alios</strong></span> <span class='ocrx_word' id='word_1_50' title='bbox 617 1127 661 1192; x_wconf 88' lang='lat' dir='ltr'><strong>ad</strong></span> <span class='ocrx_word' id='word_1_51' title='bbox 682 1128 747 1192; x_wconf 92' lang='lat' dir='ltr'><strong>hoc</strong></span> <span class='ocrx_word' id='word_1_52' title='bbox 771 1127 988 1206; x_wconf 84' lang='lat' dir='ltr'><strong>conduxerit,</strong></span> <span class='ocrx_word' id='word_1_53' title='bbox 1004 1129 1240 1211; x_wconf 89' lang='lat' dir='ltr'><strong>unusquisque</strong></span> 
     </span>
     <span class='ocr_line' id='line_1_9' title="bbox 189 1227 1239 1312; baseline 0.002 -21"><span class='ocrx_word' id='word_1_54' title='bbox 189 1247 252 1310; x_wconf 91' lang='lat' dir='ltr'><strong>pro</strong></span> <span class='ocrx_word' id='word_1_55' title='bbox 267 1228 383 1310; x_wconf 88' lang='lat' dir='ltr'><strong>seipso</strong></span> <span class='ocrx_word' id='word_1_56' title='bbox 400 1227 506 1291; x_wconf 89' lang='lat' dir='ltr'><strong>libras</strong></span> <span class='ocrx_word' id='word_1_57' title='bbox 523 1246 557 1292; x_wconf 84' lang='grc' dir='ltr'><strong>ν.</strong></span> <span class='ocrx_word' id='word_1_58' title='bbox 573 1228 730 1312; x_wconf 88' lang='lat' dir='ltr'><strong>partibus</strong></span> <span class='ocrx_word' id='word_1_59' title='bbox 750 1229 862 1292; x_wconf 89' lang='lat' dir='ltr'><strong>sancti</strong></span> <span class='ocrx_word' id='word_1_60' title='bbox 885 1227 983 1291; x_wconf 91' lang='lat' dir='ltr'><strong>Petri</strong></span> <span class='ocrx_word' id='word_1_61' title='bbox 1005 1229 1132 1306; x_wconf 91' lang='lat' dir='ltr'><strong>soluat,</strong></span> <span class='ocrx_word' id='word_1_62' title='bbox 1147 1237 1182 1292; x_wconf 90' lang='lat' dir='ltr'><strong>et</strong></span> <span class='ocrx_word' id='word_1_63' title='bbox 1200 1238 1239 1294; x_wconf 92' lang='lat' dir='ltr'><strong>ut</strong></span> 
     </span>
     <span class='ocr_line' id='line_1_10' title="bbox 187 1328 1238 1412; baseline -0.001 -19"><span class='ocrx_word' id='word_1_64' title='bbox 187 1328 320 1393; x_wconf 89' lang='lat' dir='ltr'><strong>dictum</strong></span> <span class='ocrx_word' id='word_1_65' title='bbox 344 1334 410 1406; x_wconf 87' lang='lat' dir='ltr'><strong>est,</strong></span> <span class='ocrx_word' id='word_1_66' title='bbox 431 1329 596 1412; x_wconf 91' lang='lat' dir='ltr'><strong>quicquid</strong></span> <span class='ocrx_word' id='word_1_67' title='bbox 618 1329 744 1392; x_wconf 85' lang='lat' dir='ltr'><strong>exinde</strong></span> <span class='ocrx_word' id='word_1_68' title='bbox 763 1329 868 1392; x_wconf 86' lang='lat' dir='ltr'><strong>fiscus</strong></span> <span class='ocrx_word' id='word_1_69' title='bbox 893 1336 1010 1392; x_wconf 88' lang='lat' dir='ltr'><strong>noster</strong></span> <span class='ocrx_word' id='word_1_70' title='bbox 1035 1329 1078 1393; x_wconf 91' lang='lat' dir='ltr'><strong>ad</strong></span> <span class='ocrx_word' id='word_1_71' title='bbox 1104 1338 1238 1412; x_wconf 87' lang='lat' dir='ltr'><strong>partem</strong></span> 
     </span>
     <span class='ocr_line' id='line_1_11' title="bbox 186 1429 1238 1512; baseline 0.001 -19"><span class='ocrx_word' id='word_1_72' title='bbox 186 1436 344 1494; x_wconf 89' lang='lat' dir='ltr'><strong>nostram</strong></span> <span class='ocrx_word' id='word_1_73' title='bbox 370 1448 510 1512; x_wconf 89' lang='lat' dir='ltr'><strong>sperare</strong></span> <span class='ocrx_word' id='word_1_74' title='bbox 537 1436 675 1512; x_wconf 85' lang='lat' dir='ltr'><strong>poterat</strong></span> <span class='ocrx_word' id='word_1_75' title='bbox 704 1430 740 1491; x_wconf 93' lang='lat' dir='ltr'><strong>in</strong></span> <span class='ocrx_word' id='word_1_76' title='bbox 763 1429 991 1493; x_wconf 90' lang='lat' dir='ltr'><strong>luminaribus</strong></span> <span class='ocrx_word' id='word_1_77' title='bbox 1023 1429 1079 1493; x_wconf 94' lang='lat' dir='ltr'><strong>uel</strong></span> <span class='ocrx_word' id='word_1_78' title='bbox 1107 1430 1238 1512; x_wconf 88' lang='lat' dir='ltr'><strong>stipen-</strong></span> 
     </span>
     <span class='ocr_line' id='line_1_12' title="bbox 189 1529 1240 1614; baseline 0 -20"><span class='ocrx_word' id='word_1_79' title='bbox 189 1529 256 1594; x_wconf 91' lang='lat' dir='ltr'><strong>diis</strong></span> <span class='ocrx_word' id='word_1_80' title='bbox 272 1529 531 1607; x_wconf 88' lang='lat' dir='ltr'><strong>monachorum,</strong></span> <span class='ocrx_word' id='word_1_81' title='bbox 550 1549 611 1593; x_wconf 92' lang='lat' dir='ltr'><strong>seu</strong></span> <span class='ocrx_word' id='word_1_82' title='bbox 633 1529 738 1593; x_wconf 90' lang='lat' dir='ltr'><strong>etiam</strong></span> <span class='ocrx_word' id='word_1_83' title='bbox 760 1529 955 1593; x_wconf 87' lang='lat' dir='ltr'><strong>elemosinis</strong></span> <span class='ocrx_word' id='word_1_84' title='bbox 979 1549 1168 1613; x_wconf 86' lang='lat' dir='ltr'><strong>pauperum</strong></span> <span class='ocrx_word' id='word_1_85' title='bbox 1186 1532 1240 1614; x_wconf 94' lang='lat' dir='ltr'><strong>ip·</strong></span> 
     </span>
     <span class='ocr_line' id='line_1_13' title="bbox 189 1630 1239 1713; baseline 0 -19"><span class='ocrx_word' id='word_1_86' title='bbox 189 1631 262 1694; x_wconf 90' lang='lat' dir='ltr'><strong>sius</strong></span> <span class='ocrx_word' id='word_1_87' title='bbox 284 1630 485 1695; x_wconf 89' lang='lat' dir='ltr'><strong>monasterii</strong></span> <span class='ocrx_word' id='word_1_88' title='bbox 508 1631 704 1713; x_wconf 81' lang='lat' dir='ltr'><strong>perenniter</strong></span> <span class='ocrx_word' id='word_1_89' title='bbox 729 1650 792 1712; x_wconf 94' lang='lat' dir='ltr'><strong>per</strong></span> <span class='ocrx_word' id='word_1_90' title='bbox 816 1637 936 1694; x_wconf 86' lang='lat' dir='ltr'><strong>nostra</strong></span> <span class='ocrx_word' id='word_1_91' title='bbox 957 1632 1099 1695; x_wconf 88' lang='lat' dir='ltr'><strong>oracula</strong></span> <span class='ocrx_word' id='word_1_92' title='bbox 1120 1631 1164 1695; x_wconf 92' lang='lat' dir='ltr'><strong>ad</strong></span> <span class='ocrx_word' id='word_1_93' title='bbox 1187 1632 1239 1694; x_wconf 91' lang='lat' dir='ltr'><strong>in·</strong></span> 
     </span>
     <span class='ocr_line' id='line_1_14' title="bbox 188 1730 1241 1813; baseline -0.002 -17"><span class='ocrx_word' id='word_1_94' title='bbox 188 1739 325 1813; x_wconf 80' lang='lat' dir='ltr'><strong>tegrum</strong></span> <span class='ocrx_word' id='word_1_95' title='bbox 356 1732 404 1795; x_wconf 88' lang='lat' dir='ltr'><strong>sit</strong></span> <span class='ocrx_word' id='word_1_96' title='bbox 426 1750 627 1795; x_wconf 88' lang='lat' dir='ltr'><strong>concessum</strong></span> <span class='ocrx_word' id='word_1_97' title='bbox 653 1737 758 1812; x_wconf 85' lang='lat' dir='ltr'><strong>atque</strong></span> <span class='ocrx_word' id='word_1_98' title='bbox 782 1730 965 1794; x_wconf 91' lang='lat' dir='ltr'><strong>indultum.</strong></span> <span class='ocrx_word' id='word_1_99' title='bbox 1018 1730 1065 1794; x_wconf 92' lang='lat' dir='ltr'><strong>Et</strong></span> <span class='ocrx_word' id='word_1_100' title='bbox 1092 1737 1132 1794; x_wconf 88' lang='lat' dir='ltr'><strong>ut</strong></span> <span class='ocrx_word' id='word_1_101' title='bbox 1156 1731 1241 1794; x_wconf 89' lang='lat' dir='ltr'><strong>haec</strong></span> 
     </span>
     <span class='ocr_line' id='line_1_15' title="bbox 190 1830 1241 1913; baseline 0 -18"><span class='ocrx_word' id='word_1_102' title='bbox 190 1831 382 1896; x_wconf 87' lang='lat' dir='ltr'><strong>auctoritas</strong></span> <span class='ocrx_word' id='word_1_103' title='bbox 406 1830 534 1895; x_wconf 87' lang='lat' dir='ltr'><strong>nostris</strong></span> <span class='ocrx_word' id='word_1_104' title='bbox 565 1838 600 1894; x_wconf 85' lang='lat' dir='ltr'><strong>et</strong></span> <span class='ocrx_word' id='word_1_105' title='bbox 625 1831 751 1895; x_wconf 88' lang='lat' dir='ltr'><strong>futuris</strong></span> <span class='ocrx_word' id='word_1_106' title='bbox 776 1831 988 1913; x_wconf 88' lang='lat' dir='ltr'><strong>temporibus</strong></span> <span class='ocrx_word' id='word_1_107' title='bbox 1011 1831 1103 1895; x_wconf 93' lang='lat' dir='ltr'><strong>circa</strong></span> <span class='ocrx_word' id='word_1_108' title='bbox 1127 1832 1241 1913; x_wconf 91' lang='lat' dir='ltr'><strong>ipsum</strong></span> 
     </span>
     <span class='ocr_line' id='line_1_16' title="bbox 189 1931 1241 2014; baseline 0 -19"><span class='ocrx_word' id='word_1_109' title='bbox 189 1939 347 1997; x_wconf 88' lang='lat' dir='ltr'><strong>sanctum</strong></span> <span class='ocrx_word' id='word_1_110' title='bbox 370 1931 484 1996; x_wconf 91' lang='lat' dir='ltr'><strong>locum</strong></span> <span class='ocrx_word' id='word_1_111' title='bbox 507 1931 703 2014; x_wconf 88' lang='lat' dir='ltr'><strong>perenniter</strong></span> <span class='ocrx_word' id='word_1_112' title='bbox 726 1931 825 1995; x_wconf 85' lang='lat' dir='ltr'><strong>firma</strong></span> <span class='ocrx_word' id='word_1_113' title='bbox 851 1939 885 1995; x_wconf 93' lang='lat' dir='ltr'><strong>et</strong></span> <span class='ocrx_word' id='word_1_114' title='bbox 911 1931 1079 1995; x_wconf 86' lang='lat' dir='ltr'><strong>inuiolata</strong></span> <span class='ocrx_word' id='word_1_115' title='bbox 1106 1951 1241 2014; x_wconf 90' lang='lat' dir='ltr'><strong>perma-</strong></span> 
     </span>
     <span class='ocr_line' id='line_1_17' title="bbox 191 2032 1242 2115; baseline -0.002 -17"><span class='ocrx_word' id='word_1_116' title='bbox 191 2042 284 2111; x_wconf 86' lang='lat' dir='ltr'><strong>neat,</strong></span> <span class='ocrx_word' id='word_1_117' title='bbox 297 2032 354 2097; x_wconf 89' lang='lat' dir='ltr'><strong>uel</strong></span> <span class='ocrx_word' id='word_1_118' title='bbox 369 2051 432 2115; x_wconf 89' lang='lat' dir='ltr'><strong>per</strong></span> <span class='ocrx_word' id='word_1_119' title='bbox 454 2033 568 2095; x_wconf 88' lang='lat' dir='ltr'><strong>omnia</strong></span> <span class='ocrx_word' id='word_1_120' title='bbox 586 2040 742 2114; x_wconf 89' lang='lat' dir='ltr'><strong>tempora</strong></span> <span class='ocrx_word' id='word_1_121' title='bbox 762 2032 884 2095; x_wconf 88' lang='lat' dir='ltr'><strong>illaesa</strong></span> <span class='ocrx_word' id='word_1_122' title='bbox 905 2032 1121 2096; x_wconf 88' lang='lat' dir='ltr'><strong>custodiatur</strong></span> <span class='ocrx_word' id='word_1_123' title='bbox 1136 2040 1242 2115; x_wconf 91' lang='lat' dir='ltr'><strong>atque</strong></span> 
     </span>
     <span class='ocr_line' id='line_1_18' title="bbox 190 2133 1242 2215; baseline -0.002 -17"><span class='ocrx_word' id='word_1_124' title='bbox 190 2140 427 2209; x_wconf 86' lang='lat' dir='ltr'><strong>conseruetur,</strong></span> <span class='ocrx_word' id='word_1_125' title='bbox 459 2140 494 2196; x_wconf 90' lang='lat' dir='ltr'><strong>et</strong></span> <span class='ocrx_word' id='word_1_126' title='bbox 520 2133 565 2196; x_wconf 86' lang='lat' dir='ltr'><strong>ab</strong></span> <span class='ocrx_word' id='word_1_127' title='bbox 596 2133 755 2196; x_wconf 90' lang='lat' dir='ltr'><strong>omnibus</strong></span> <span class='ocrx_word' id='word_1_128' title='bbox 791 2133 1016 2215; x_wconf 85' lang='lat' dir='ltr'><strong>optimatibus</strong></span> <span class='ocrx_word' id='word_1_129' title='bbox 1047 2134 1175 2197; x_wconf 91' lang='lat' dir='ltr'><strong>nostris</strong></span> <span class='ocrx_word' id='word_1_130' title='bbox 1207 2141 1242 2196; x_wconf 91' lang='lat' dir='ltr'><strong>et</strong></span> 
     </span>
     <span class='ocr_line' id='line_1_19' title="bbox 189 2232 1242 2315; baseline -0.001 -17"><span class='ocrx_word' id='word_1_131' title='bbox 189 2233 361 2298; x_wconf 90' lang='lat' dir='ltr'><strong>iudicibus</strong></span> <span class='ocrx_word' id='word_1_132' title='bbox 388 2233 535 2314; x_wconf 88' lang='lat' dir='ltr'><strong>publicis</strong></span> <span class='ocrx_word' id='word_1_133' title='bbox 563 2240 598 2297; x_wconf 92' lang='lat' dir='ltr'><strong>et</strong></span> <span class='ocrx_word' id='word_1_134' title='bbox 624 2232 771 2315; x_wconf 88' lang='lat' dir='ltr'><strong>priuatis</strong></span> <span class='ocrx_word' id='word_1_135' title='bbox 797 2233 919 2296; x_wconf 88' lang='lat' dir='ltr'><strong>melius</strong></span> <span class='ocrx_word' id='word_1_136' title='bbox 944 2253 985 2297; x_wconf 90' lang='lat' dir='ltr'><strong>ac</strong></span> <span class='ocrx_word' id='word_1_137' title='bbox 1009 2234 1136 2297; x_wconf 91' lang='lat' dir='ltr'><strong>certius</strong></span> <span class='ocrx_word' id='word_1_138' title='bbox 1168 2254 1242 2298; x_wconf 91' lang='lat' dir='ltr'><strong>cre·</strong></span> 
     </span>
     <span class='ocr_line' id='line_1_20' title="bbox 191 2333 1241 2415; baseline 0.001 -17"><span class='ocrx_word' id='word_1_139' title='bbox 191 2334 305 2411; x_wconf 86' lang='lat' dir='ltr'><strong>datur,</strong></span> <span class='ocrx_word' id='word_1_140' title='bbox 322 2353 445 2397; x_wconf 91' lang='lat' dir='ltr'><strong>manus</strong></span> <span class='ocrx_word' id='word_1_141' title='bbox 463 2340 601 2397; x_wconf 84' lang='lat' dir='ltr'><strong>nostrae</strong></span> <span class='ocrx_word' id='word_1_142' title='bbox 617 2333 928 2415; x_wconf 91' lang='lat' dir='ltr'><strong>subscriptionibus</strong></span> <span class='ocrx_word' id='word_1_143' title='bbox 948 2333 1071 2397; x_wconf 92' lang='lat' dir='ltr'><strong>subtus</strong></span> <span class='ocrx_word' id='word_1_144' title='bbox 1091 2354 1166 2397; x_wconf 85' lang='lat' dir='ltr'><strong>eam</strong></span> <span class='ocrx_word' id='word_1_145' title='bbox 1182 2335 1241 2399; x_wconf 89' lang='lat' dir='ltr'><strong>de·</strong></span> 
     </span>
     <span class='ocr_line' id='line_1_21' title="bbox 191 2432 1241 2517; baseline 0.001 -18"><span class='ocrx_word' id='word_1_146' title='bbox 191 2436 362 2499; x_wconf 90' lang='lat' dir='ltr'><strong>creuimus</strong></span> <span class='ocrx_word' id='word_1_147' title='bbox 384 2435 546 2498; x_wconf 89' lang='lat' dir='ltr'><strong>roborare</strong></span> <span class='ocrx_word' id='word_1_148' title='bbox 568 2442 604 2498; x_wconf 90' lang='lat' dir='ltr'><strong>et</strong></span> <span class='ocrx_word' id='word_1_149' title='bbox 623 2434 665 2497; x_wconf 93' lang='lat' dir='ltr'><strong>de</strong></span> <span class='ocrx_word' id='word_1_150' title='bbox 682 2432 799 2516; x_wconf 85' lang='lat' dir='ltr'><strong>sigillo</strong></span> <span class='ocrx_word' id='word_1_151' title='bbox 822 2441 942 2498; x_wconf 90' lang='lat' dir='ltr'><strong>nostro</strong></span> <span class='ocrx_word' id='word_1_152' title='bbox 959 2435 1122 2498; x_wconf 90' lang='lat' dir='ltr'><strong>iussimus</strong></span> <span class='ocrx_word' id='word_1_153' title='bbox 1144 2436 1241 2517; x_wconf 82' lang='lat' dir='ltr'><strong>sigil-</strong></span> 
     </span>
     <span class='ocr_line' id='line_1_22' title="bbox 191 2536 276 2601; baseline 0.024 -2"><span class='ocrx_word' id='word_1_154' title='bbox 191 2536 276 2601; x_wconf 89' lang='lat' dir='ltr'><strong>lare.</strong></span> 
     </span>
    </p>

    <p class='ocr_par' dir='ltr' id='par_1_3' title="bbox 192 2634 1245 3624">
     <span class='ocr_line' id='line_1_23' title="bbox 242 2634 1242 2719; baseline -0.001 -18"><span class='ocrx_word' id='word_1_155' title='bbox 242 2637 388 2719; x_wconf 80' lang='lat' dir='ltr'><strong>Signum</strong></span> <span class='ocrx_word' id='word_1_156' title='bbox 404 2638 444 2719; x_wconf 70' lang='lat'><strong>*1⁴</strong></span> <span class='ocrx_word' id='word_1_157' title='bbox 461 2635 614 2719; x_wconf 88' lang='lat' dir='ltr'><strong>Eadgari</strong></span> <span class='ocrx_word' id='word_1_158' title='bbox 635 2635 746 2700; x_wconf 93' lang='lat' dir='ltr'><strong>incliti</strong></span> <span class='ocrx_word' id='word_1_159' title='bbox 770 2643 805 2700; x_wconf 91' lang='lat' dir='ltr'><strong>et</strong></span> <span class='ocrx_word' id='word_1_160' title='bbox 822 2636 1030 2700; x_wconf 89' lang='lat' dir='ltr'><strong>serenissimi</strong></span> <span class='ocrx_word' id='word_1_161' title='bbox 1047 2634 1242 2719; x_wconf 87' lang='lat' dir='ltr'><strong>Anglorum</strong></span> 
     </span>
     <span class='ocr_line' id='line_1_24' title="bbox 192 2735 1242 2820; baseline 0 -21"><span class='ocrx_word' id='word_1_162' title='bbox 192 2738 297 2819; x_wconf 78' lang='lat' dir='ltr'><strong>regis.</strong></span> <span class='ocrx_word' id='word_1_163' title='bbox 349 2738 495 2819; x_wconf 81' lang='lat' dir='ltr'><strong>Signum</strong></span> <span class='ocrx_word' id='word_1_164' title='bbox 510 2739 549 2820; x_wconf 72' lang='lat'><strong>›1‹</strong></span> <span class='ocrx_word' id='word_1_165' title='bbox 569 2735 753 2801; x_wconf 89' lang='lat' dir='ltr'><strong>Eadwardi</strong></span> <span class='ocrx_word' id='word_1_166' title='bbox 768 2738 920 2802; x_wconf 92' lang='lat' dir='ltr'><strong>eiusdem</strong></span> <span class='ocrx_word' id='word_1_167' title='bbox 934 2737 1026 2818; x_wconf 83' lang='lat' dir='ltr'><strong>regis</strong></span> <span class='ocrx_word' id='word_1_168' title='bbox 1039 2737 1112 2801; x_wconf 90' lang='lat' dir='ltr'><strong>filii.</strong></span> <span class='ocrx_word' id='word_1_169' title='bbox 1165 2737 1242 2818; x_wconf 88' lang='lat' dir='ltr'><strong>Sig-</strong></span> 
     </span>
     <span class='ocr_line' id='line_1_25' title="bbox 195 2836 1244 2921; baseline -0.001 -19"><span class='ocrx_word' id='word_1_170' title='bbox 195 2858 277 2902; x_wconf 88' lang='lat' dir='ltr'><strong>num</strong></span> <span class='ocrx_word' id='word_1_171' title='bbox 296 2840 335 2921; x_wconf 73' lang='lat'><strong>›1‹</strong></span> <span class='ocrx_word' id='word_1_172' title='bbox 352 2836 526 2902; x_wconf 72' lang='lat' dir='ltr'><strong>AEhelredi</strong></span> <span class='ocrx_word' id='word_1_173' title='bbox 546 2837 664 2902; x_wconf 84' lang='lat' dir='ltr'><strong>fratris</strong></span> <span class='ocrx_word' id='word_1_174' title='bbox 690 2840 776 2902; x_wconf 90' lang='lat' dir='ltr'><strong>eius.</strong></span> <span class='ocrx_word' id='word_1_175' title='bbox 834 2838 933 2920; x_wconf 73' lang='lat' dir='ltr'><strong>›1⁴1n</strong></span> <span class='ocrx_word' id='word_1_176' title='bbox 959 2839 1097 2902; x_wconf 89' lang='lat' dir='ltr'><strong>nomine</strong></span> <span class='ocrx_word' id='word_1_177' title='bbox 1114 2837 1244 2903; x_wconf 83' lang='lat' dir='ltr'><strong>Christi</strong></span> 
     </span>
     <span class='ocr_line' id='line_1_26' title="bbox 193 2938 1243 3023; baseline -0.002 -20"><span class='ocrx_word' id='word_1_178' title='bbox 193 2958 260 3023; x_wconf 82' lang='lat' dir='ltr'><strong>ego</strong></span> <span class='ocrx_word' id='word_1_179' title='bbox 282 2938 501 3017; x_wconf 86' lang='lat' dir='ltr'><strong>Dunstanus,</strong></span> <span class='ocrx_word' id='word_1_180' title='bbox 526 2940 598 3003; x_wconf 87' lang='lat' dir='ltr'><strong>acsi</strong></span> <span class='ocrx_word' id='word_1_181' title='bbox 620 2946 793 3021; x_wconf 89' lang='lat' dir='ltr'><strong>peccator,</strong></span> <span class='ocrx_word' id='word_1_182' title='bbox 813 2938 1087 3002; x_wconf 91' lang='lat' dir='ltr'><strong>Dorobernensis</strong></span> <span class='ocrx_word' id='word_1_183' title='bbox 1113 2939 1243 3002; x_wconf 91' lang='lat' dir='ltr'><strong>aeccle-</strong></span> 
     </span>
     <span class='ocr_line' id='line_1_27' title="bbox 192 3038 1243 3122; baseline -0.001 -19"><span class='ocrx_word' id='word_1_184' title='bbox 192 3040 265 3105; x_wconf 87' lang='lat' dir='ltr'><strong>siae</strong></span> <span class='ocrx_word' id='word_1_185' title='bbox 296 3039 587 3122; x_wconf 80' lang='lat' dir='ltr'><strong>archiepiscopus,</strong></span> <span class='ocrx_word' id='word_1_186' title='bbox 619 3038 708 3102; x_wconf 92' lang='lat' dir='ltr'><strong>hanc</strong></span> <span class='ocrx_word' id='word_1_187' title='bbox 738 3039 932 3102; x_wconf 88' lang='lat' dir='ltr'><strong>libertatem</strong></span> <span class='ocrx_word' id='word_1_188' title='bbox 958 3046 1100 3102; x_wconf 87' lang='lat' dir='ltr'><strong>sanctae</strong></span> <span class='ocrx_word' id='word_1_189' title='bbox 1133 3040 1243 3102; x_wconf 89' lang='lat' dir='ltr'><strong>crucis</strong></span> 
     </span>
     <span class='ocr_line' id='line_1_28' title="bbox 193 3139 1243 3223; baseline -0.002 -18"><span class='ocrx_word' id='word_1_190' title='bbox 193 3140 367 3223; x_wconf 82' lang='lat' dir='ltr'><strong>agalmate</strong></span> <span class='ocrx_word' id='word_1_191' title='bbox 389 3139 604 3221; x_wconf 79' lang='lat' dir='ltr'><strong>consignaui,</strong></span> <span class='ocrx_word' id='word_1_192' title='bbox 633 3157 674 3202; x_wconf 91' lang='lat' dir='ltr'><strong>ac</strong></span> <span class='ocrx_word' id='word_1_193' title='bbox 698 3139 821 3202; x_wconf 90' lang='lat' dir='ltr'><strong>deinde</strong></span> <span class='ocrx_word' id='word_1_194' title='bbox 847 3139 1033 3203; x_wconf 90' lang='lat' dir='ltr'><strong>secundnm</strong></span> <span class='ocrx_word' id='word_1_195' title='bbox 1062 3139 1243 3220; x_wconf 90' lang='lat' dir='ltr'><strong>apostolici</strong></span> 
     </span>
     <span class='ocr_line' id='line_1_29' title="bbox 194 3239 1244 3323; baseline -0.002 -18"><span class='ocrx_word' id='word_1_196' title='bbox 194 3240 359 3307; x_wconf 90' lang='lat' dir='ltr'><strong>Iohannis</strong></span> <span class='ocrx_word' id='word_1_197' title='bbox 389 3247 622 3323; x_wconf 84' lang='lat' dir='ltr'><strong>praeceptum,</strong></span> <span class='ocrx_word' id='word_1_198' title='bbox 657 3240 898 3303; x_wconf 89' lang='lat' dir='ltr'><strong>obseruatores</strong></span> <span class='ocrx_word' id='word_1_199' title='bbox 929 3239 1031 3302; x_wconf 87' lang='lat' dir='ltr'><strong>huius</strong></span> <span class='ocrx_word' id='word_1_200' title='bbox 1062 3240 1244 3318; x_wconf 88' lang='lat' dir='ltr'><strong>libertatis,</strong></span> 
     </span>
     <span class='ocr_line' id='line_1_30' title="bbox 193 3339 1244 3423; baseline -0.001 -17"><span class='ocrx_word' id='word_1_201' title='bbox 193 3342 402 3407; x_wconf 82' lang='lat' dir='ltr'><strong>auctoritate</strong></span> <span class='ocrx_word' id='word_1_202' title='bbox 433 3359 503 3423; x_wconf 86' lang='lat' dir='ltr'><strong>qua</strong></span> <span class='ocrx_word' id='word_1_203' title='bbox 540 3339 711 3423; x_wconf 84' lang='lat' dir='ltr'><strong>perfruor,</strong></span> <span class='ocrx_word' id='word_1_204' title='bbox 743 3360 764 3404; x_wconf 94' lang='lat' dir='ltr'><strong>a</strong></span> <span class='ocrx_word' id='word_1_205' title='bbox 800 3341 952 3422; x_wconf 89' lang='lat' dir='ltr'><strong>peccatis</strong></span> <span class='ocrx_word' id='word_1_206' title='bbox 989 3340 1061 3403; x_wconf 88' lang='lat' dir='ltr'><strong>suis</strong></span> <span class='ocrx_word' id='word_1_207' title='bbox 1098 3341 1244 3421; x_wconf 92' lang='lat' dir='ltr'><strong>absolui,</strong></span> 
     </span>
     <span class='ocr_line' id='line_1_31' title="bbox 192 3439 1245 3524; baseline 0 -17"><span class='ocrx_word' id='word_1_208' title='bbox 192 3443 397 3507; x_wconf 85' lang='lat' dir='ltr'><strong>infractores</strong></span> <span class='ocrx_word' id='word_1_209' title='bbox 426 3461 510 3506; x_wconf 92' lang='lat' dir='ltr'><strong>uero</strong></span> <span class='ocrx_word' id='word_1_210' title='bbox 540 3440 710 3524; x_wconf 91' lang='lat' dir='ltr'><strong>perpetim</strong></span> <span class='ocrx_word' id='word_1_211' title='bbox 740 3440 905 3503; x_wconf 82' lang='lat' dir='ltr'><strong>maledixi</strong></span> <span class='ocrx_word' id='word_1_212' title='bbox 934 3439 1000 3503; x_wconf 93' lang='lat' dir='ltr'><strong>nisi</strong></span> <span class='ocrx_word' id='word_1_213' title='bbox 1028 3440 1245 3523; x_wconf 90' lang='lat' dir='ltr'><strong>resipiscant,</strong></span> 
     </span>
     <span class='ocr_line' id='line_1_32' title="bbox 193 3540 1244 3624; baseline -0.002 -16"><span class='ocrx_word' id='word_1_214' title='bbox 193 3550 229 3608; x_wconf 88' lang='lat' dir='ltr'><strong>et</strong></span> <span class='ocrx_word' id='word_1_215' title='bbox 244 3544 356 3608; x_wconf 89' lang='lat' dir='ltr'><strong>tribus</strong></span> <span class='ocrx_word' id='word_1_216' title='bbox 378 3543 479 3607; x_wconf 90' lang='lat' dir='ltr'><strong>annis</strong></span> <span class='ocrx_word' id='word_1_217' title='bbox 494 3542 702 3605; x_wconf 88' lang='lat' dir='ltr'><strong>aliminibus</strong></span> <span class='ocrx_word' id='word_1_218' title='bbox 725 3548 866 3605; x_wconf 88' lang='lat' dir='ltr'><strong>sanctae</strong></span> <span class='ocrx_word' id='word_1_219' title='bbox 893 3540 1080 3605; x_wconf 89' lang='lat' dir='ltr'><strong>aecclesiae</strong></span> <span class='ocrx_word' id='word_1_220' title='bbox 1103 3562 1244 3624; x_wconf 91' lang='lat' dir='ltr'><strong>seques-</strong></span> 
     </span>
    </p>
   </div>
   <div class='ocr_carea' id='block_1_3' title="bbox 194 3640 1247 4231">
    <p class='ocr_par' dir='ltr' id='par_1_4' title="bbox 194 3640 1247 4231">
     <span class='ocr_line' id='line_1_33' title="bbox 194 3640 1245 3734; baseline -0.002 -25"><span class='ocrx_word' id='word_1_221' title='bbox 194 3645 277 3709; x_wconf 83' lang='lat' dir='ltr'><strong>trati</strong></span> <span class='ocrx_word' id='word_1_222' title='bbox 300 3642 548 3727; x_wconf 79' lang='lat' dir='ltr'><strong>poenitentiam</strong></span> <span class='ocrx_word' id='word_1_223' title='bbox 572 3648 691 3734; x_wconf 79' lang='lat' dir='ltr'><strong>agant.</strong></span> <span class='ocrx_word' id='word_1_224' title='bbox 750 3644 789 3725; x_wconf 72' lang='lat'><strong>›1‹</strong></span> <span class='ocrx_word' id='word_1_225' title='bbox 807 3642 883 3722; x_wconf 81' lang='lat' dir='ltr'><strong>Ego</strong></span> <span class='ocrx_word' id='word_1_226' title='bbox 906 3640 1090 3705; x_wconf 89' lang='lat' dir='ltr'><strong>Oswoldus</strong></span> <span class='ocrx_word' id='word_1_227' title='bbox 1113 3642 1245 3707; x_wconf 91' lang='lat' dir='ltr'><strong>Ebora-</strong></span> 
     </span>
     <span class='ocr_line' id='line_1_34' title="bbox 194 3741 1247 3826; baseline -0.002 -18"><span class='ocrx_word' id='word_1_228' title='bbox 194 3744 308 3808; x_wconf 89' lang='lat' dir='ltr'><strong>censis</strong></span> <span class='ocrx_word' id='word_1_229' title='bbox 322 3743 602 3826; x_wconf 88' lang='lat' dir='ltr'><strong>archiepiscopus</strong></span> <span class='ocrx_word' id='word_1_230' title='bbox 615 3743 775 3826; x_wconf 88' lang='lat' dir='ltr'><strong>imposui.</strong></span> <span class='ocrx_word' id='word_1_231' title='bbox 808 3745 847 3823; x_wconf 78' lang='lat'><strong>›1‹</strong></span> <span class='ocrx_word' id='word_1_232' title='bbox 859 3742 935 3824; x_wconf 86' lang='lat' dir='ltr'><strong>Ego</strong></span> <span class='ocrx_word' id='word_1_233' title='bbox 945 3741 1141 3805; x_wconf 89' lang='lat' dir='ltr'><strong>AElfstanns</strong></span> <span class='ocrx_word' id='word_1_234' title='bbox 1153 3742 1247 3807; x_wconf 91' lang='lat' dir='ltr'><strong>Lon-</strong></span> 
     </span>
     <span class='ocr_line' id='line_1_35' title="bbox 194 3842 1246 3926; baseline -0.002 -16"><span class='ocrx_word' id='word_1_235' title='bbox 194 3844 369 3921; x_wconf 82' lang='lat' dir='ltr'><strong>doniensis</strong></span> <span class='ocrx_word' id='word_1_236' title='bbox 385 3843 571 3908; x_wconf 85' lang='lat' dir='ltr'><strong>aecclesiae</strong></span> <span class='ocrx_word' id='word_1_237' title='bbox 586 3845 768 3926; x_wconf 91' lang='lat' dir='ltr'><strong>episcopus</strong></span> <span class='ocrx_word' id='word_1_238' title='bbox 782 3843 955 3925; x_wconf 90' lang='lat' dir='ltr'><strong>adquieui.</strong></span> <span class='ocrx_word' id='word_1_239' title='bbox 988 3844 1027 3925; x_wconf 74' lang='lat'><strong>›1‹</strong></span> <span class='ocrx_word' id='word_1_240' title='bbox 1043 3842 1119 3925; x_wconf 83' lang='lat' dir='ltr'><strong>Ego</strong></span> <span class='ocrx_word' id='word_1_241' title='bbox 1129 3843 1246 3909; x_wconf 73' lang='lat' dir='ltr'><strong>AEbel-</strong></span> 
     </span>
     <span class='ocr_line' id='line_1_36' title="bbox 195 3943 1246 4028; baseline 0 -18"><span class='ocrx_word' id='word_1_242' title='bbox 195 3945 329 4010; x_wconf 84' lang='lat' dir='ltr'><strong>woldus</strong></span> <span class='ocrx_word' id='word_1_243' title='bbox 344 3944 596 4010; x_wconf 90' lang='lat' dir='ltr'><strong>Wintoniensis</strong></span> <span class='ocrx_word' id='word_1_244' title='bbox 612 3943 800 4008; x_wconf 87' lang='lat' dir='ltr'><strong>aecclesiae</strong></span> <span class='ocrx_word' id='word_1_245' title='bbox 813 3943 995 4028; x_wconf 90' lang='lat' dir='ltr'><strong>episcopus</strong></span> <span class='ocrx_word' id='word_1_246' title='bbox 1013 3947 1246 4010; x_wconf 88' lang='lat' dir='ltr'><strong>corroboraui.</strong></span> 
     </span>
     <span class='ocr_line' id='line_1_37' title="bbox 200 4043 1247 4133; baseline 0 -23"><span class='ocrx_word' id='word_1_247' title='bbox 200 4048 240 4133; x_wconf 54' lang='grc' dir='ltr'>ᾧ</span> <span class='ocrx_word' id='word_1_248' title='bbox 257 4047 335 4130; x_wconf 81' lang='lat' dir='ltr'><strong>Ego</strong></span> <span class='ocrx_word' id='word_1_249' title='bbox 351 4044 545 4109; x_wconf 85' lang='lat' dir='ltr'><strong>AElsstanus</strong></span> <span class='ocrx_word' id='word_1_250' title='bbox 562 4043 736 4109; x_wconf 85' lang='lat' dir='ltr'><strong>Roffeusis</strong></span> <span class='ocrx_word' id='word_1_251' title='bbox 757 4045 945 4109; x_wconf 86' lang='lat' dir='ltr'><strong>aecclesiae</strong></span> <span class='ocrx_word' id='word_1_252' title='bbox 966 4045 1148 4129; x_wconf 91' lang='lat' dir='ltr'><strong>episcopus</strong></span> <span class='ocrx_word' id='word_1_253' title='bbox 1164 4066 1247 4128; x_wconf 93' lang='lat' dir='ltr'><strong>sup·</strong></span> 
     </span>
     <span class='ocr_line' id='line_1_38' title="bbox 197 4145 1245 4231; baseline -0.004 -18"><span class='ocrx_word' id='word_1_254' title='bbox 197 4148 308 4231; x_wconf 86' lang='lat' dir='ltr'><strong>posui.</strong></span> <span class='ocrx_word' id='word_1_255' title='bbox 366 4148 405 4229; x_wconf 73' lang='lat'><strong>›1‹</strong></span> <span class='ocrx_word' id='word_1_256' title='bbox 422 4146 499 4228; x_wconf 86' lang='lat' dir='ltr'><strong>Ego</strong></span> <span class='ocrx_word' id='word_1_257' title='bbox 516 4146 689 4209; x_wconf 87' lang='lat' dir='ltr'><strong>AEscwius</strong></span> <span class='ocrx_word' id='word_1_258' title='bbox 713 4146 933 4210; x_wconf 89' lang='lat' dir='ltr'><strong>Dorcicensis</strong></span> <span class='ocrx_word' id='word_1_259' title='bbox 957 4145 1144 4210; x_wconf 89' lang='lat' dir='ltr'><strong>aecclesiae</strong></span> <span class='ocrx_word' id='word_1_260' title='bbox 1173 4147 1245 4229; x_wconf 87' lang='lat' dir='ltr'><strong>epi-</strong></span> 
     </span>
    </p>
   </div>
   <div class='ocr_carea' id='block_1_4' title="bbox 0 0 1446 4890">
    <p class='ocr_par' dir='ltr' id='par_1_5' title="bbox 0 0 1446 4890">
     <span class='ocr_line' id='line_1_39' title="bbox 0 0 1446 4890; baseline 0 0"><span class='ocrx_word' id='word_1_261' title='bbox 0 0 1446 4890; x_wconf 95' lang='lat' dir='ltr'><strong> </strong></span> 
     </span>
    </p>
   </div>
  </div>
 </body>
</html>
