2858 4890
182 343 227 408 98
439 359 612 407 curasan
635 358 980 407 suonosnxomcan.

184 518 287 601 wylle
303 504 408 599 br603
430 516 544 583 hanon
565 536 611 581 on
631 515 720 580 bone
740 516 865 583 ealdan
887 513 981 594 brdc,
1005 516 1074 580 and
1092 517 1163 581 swa
1189 535 1235 582 on

183 617 437 701 Wudubriggo.
485 618 532 682 Et
548 617 634 682 haec
655 624 738 682 sunt
754 617 896 681 nomina
916 617 1057 682 testium
1077 626 1113 681 et
1133 617 1236 682 huius

184 717 266 781 doni
292 719 602 800 constipulatorum
627 736 902 800 consensumque
926 718 1236 795 corroborantium,

184 837 274 901 quae
314 818 456 882 inferius
487 817 627 901 depingi
661 817 907 900 carraxarique
942 817 1116 883 uidentur.
1192 821 1231 901 ›1‹

184 919 262 1000 Ego
297 917 439 1001 Eadgar
466 938 529 982 rex
564 917 721 982 consensi
754 923 791 982 et
823 917 1024 1001 subscripsi.
1102 921 1141 1001 ›1‹
1159 919 1236 1001 Ego

184 1020 350 1083 Dunstan
380 1017 659 1102 archiepiscopus
688 1017 847 1081 consensi
874 1024 910 1082 et
941 1018 1142 1101 subscripsi.
1192 1020 1231 1100 ›1‹

186 1119 262 1202 Ego
294 1118 436 1183 Oswaid
473 1118 752 1202 archiepiscopus
780 1119 940 1183 consensi
972 1125 1008 1183 et
1035 1119 1235 1202 subscripsi.

190 1221 229 1301 ›1‹
259 1219 336 1300 Ego
362 1218 553 1282 AEbelwold
579 1219 760 1301 episcopus
786 1219 944 1283 consensi
972 1225 1008 1283 et
1034 1219 1235 1302 subscripsi.

189 1320 229 1400 »1⁴
259 1319 336 1400 Ego
369 1318 523 1383 AElfstan
558 1319 740 1402 episcopus
778 1319 937 1382 consensi
968 1325 1004 1383 et
1037 1320 1235 1403 subscripsi.

189 1422 229 1502 »1⁴
256 1419 335 1501 Ego
356 1418 528 1502 Wynsige
560 1419 744 1502 episcopus
782 1419 941 1481 consensi
974 1425 1010 1483 et
1036 1420 1237 1502 subscripsi.

189 1520 229 1600 »1⁴
257 1519 335 1601 Ego
375 1516 488 1584 Abuls
525 1519 709 1602 episcopus
753 1519 915 1583 consensi
957 1524 993 1582 et
1036 1520 1237 1603 subscripsi.

189 1622 229 1702 »1⁴
257 1619 335 1702 Ego
361 1620 517 1684 AElsstan
550 1618 733 1701 episcopus
769 1618 928 1682 consensi
964 1626 1000 1682 et
1032 1619 1236 1702 subscripsi.

189 1722 229 1802 »1⁴
258 1719 335 1801 Ego
360 1719 541 1804 Byrhtelm
566 1719 749 1802 episcopus
779 1719 939 1782 consensi
969 1725 1006 1783 et
1036 1720 1237 1803 subscripsi.

190 1822 230 1902 »1⁴
257 1819 334 1902 Ego
361 1819 527 1885 AElswold
559 1819 742 1902 episcopus
779 1819 938 1883 consensi
966 1825 1003 1883 et
1035 1820 1236 1903 subscripsi.

190 1922 230 2002 »1⁴
257 1920 334 2002 Ego
368 1919 536 1984 Eadhelm
571 1919 755 2002 episcopus
784 1920 943 1983 consensi
973 1925 1009 1983 et
1035 1921 1237 2003 subscripsi.

190 2022 229 2102 ›1‹
258 2020 333 2101 Ego
359 2020 533 2101 Wulfsige
564 2020 746 2102 episcopus
779 2020 939 2084 consensi
967 2028 1003 2083 et
1034 2021 1235 2103 subscripsi.

190 2123 229 2203 ›1‹
256 2121 334 2203 Ego
365 2120 518 2184 AElsstan
552 2119 735 2202 episcopus
772 2120 931 2185 consensi
967 2127 1002 2184 et
1035 2121 1236 2203 subscripsi.

190 2222 229 2302 ›1‹
259 2220 335 2302 Ego
369 2219 527 2284 AElfhere
560 2219 643 2284 dux.
717 2222 757 2302 »1⁴
785 2219 862 2302 Ego
891 2219 996 2284 Oslac
1028 2220 1112 2285 dux.
1191 2223 1231 2303 »1⁴

184 2319 262 2400 Ego
288 2319 482 2385 AEbelward
505 2320 671 2384 minister.
744 2320 881 2402 ›14Ego
910 2319 1044 2384 Eanuls
1068 2322 1236 2386 minister.

190 2421 229 2501 ›1‹
248 2420 325 2502 Ego
341 2420 489 2502 AElssige
505 2420 606 2483 minis
609 2427 672 2484 ter.
727 2422 767 2502 »1⁴
786 2420 864 2501 Ego
873 2419 1054 2502 Wulfgeat
1067 2421 1235 2486 minister.

189 2520 228 2600 ›1‹
248 2520 324 2601 Ego
333 2520 503 2603 Wynsige
517 2521 683 2585 minister.
729 2523 769 2603 »1⁴
792 2520 869 2602 Ego
882 2520 1053 2586 AElfhelm
1068 2521 1235 2586 minister.

188 2622 228 2702 »1⁴
252 2619 330 2701 Ego
354 2620 478 2685 AElsric
503 2621 672 2686 minister.
730 2623 769 2703 ›1‹
798 2620 875 2703 Ego
893 2620 1042 2686 Wulsric
1066 2621 1236 2688 minister.

189 2722 228 2802 ›1‹
246 2719 322 2803 Ego
338 2719 504 2785 Eadwine
521 2720 690 2786 minister.
746 2723 786 2803 »1⁴
804 2720 881 2804 Ego
900 2721 1050 2805 AElfsige
1067 2723 1235 2817 minister.

591 3025 823 3094 ccxxix.

505 3137 764 3254 sarneia,
786 3176 864 3242 ors.

238 3319 278 3399 »1⁴
294 3315 501 3382 Uulunasls
526 3316 669 3400 sophiae
692 3315 844 3380 studium
868 3317 1005 3382 intento
1026 3318 1154 3384 mentis
1177 3341 1236 3388 co-

182 3417 320 3481 namine
344 3416 464 3481 sedulo
494 3417 701 3481 rimantibus
723 3416 856 3499 liquido
881 3419 1032 3501 patescit
1059 3420 1153 3503 quod
1184 3423 1238 3487 in·

182 3517 317 3582 stabilis
340 3514 442 3580 huius
468 3516 681 3581 miserrimae
697 3536 738 3581 ac
754 3517 907 3583 caducae
926 3519 1022 3583 uitae
1043 3521 1237 3588 curriculus

182 3635 260 3680 cum
282 3616 437 3681 marcido
453 3617 566 3681 inanis
593 3617 726 3699 gloriae
742 3617 888 3683 flosculo
905 3619 1113 3684 tabescendo
1131 3621 1236 3704 lugu·

181 3717 289 3782 briter
305 3716 433 3794 deficit,
450 3723 486 3781 et
503 3717 629 3782 friuola
646 3718 719 3782 eius
735 3717 848 3798 gloria
869 3739 1048 3803 nunquam
1062 3721 1099 3783 in
1114 3723 1236 3788 eodem

181 3823 281 3881 statu.
298 3836 515 3900 permanens,
539 3818 636 3883 uelut
653 3817 768 3882 fumus
786 3826 903 3884 rotatu
926 3820 1104 3885 celerrimo
1128 3842 1236 3888 euan-

181 3917 279 3982 escit.
331 3914 500 3982 Attamen
517 3925 692 3984 annuente
709 3917 841 3984 Christi
863 3921 983 3984 mundi
1001 3922 1171 3987 creatoris
1195 3943 1236 3990 ac

180 4016 408 4100 redemptoris
425 4019 551 4101 gratia,
569 4039 648 4083 cum
665 4018 825 4083 recidiuis
842 4020 1035 4102 praesentis
1049 4021 1146 4098 uitae
1162 4043 1237 4089 mu.

180 4117 335 4183 nnsculis
348 4117 502 4183 futuram
516 4125 680 4184 aeternae
696 4118 790 4184 uitae
804 4121 1055 4186 beatitudinem
1066 4124 1236 4208 centupli·
