2858 4890
445 360 619 411 curaris
641 362 981 414 nuenossxourcsn.
1200 349 1245 413 65

632 619 812 687 nnxvr.

562 735 783 845 sinsin,
805 768 882 833 970.

242 917 473 999 ›14ann1n1n
503 916 639 981 fortiter
661 917 866 982 detestanda
894 919 1080 983 totillantis
1107 922 1238 985 saeculi

183 1015 325 1098 piacula
340 1018 425 1081 diris
439 1019 631 1082 obscoenae
647 1018 907 1100 horrendaeque
923 1020 1147 1084 mortalitatis
1170 1023 1236 1085 cir·

184 1124 365 1199 cumsepta
382 1118 578 1194 latratibus,
593 1138 662 1182 non
677 1137 741 1182 nos
759 1119 874 1200 patria
889 1119 1051 1201 indeptae
1069 1121 1165 1202 pacis
1181 1141 1235 1185 se·

184 1235 288 1281 curos
304 1218 365 1280 sed
382 1219 481 1302 quasi
497 1218 647 1282 foetidae
662 1218 879 1299 corruptelae
896 1219 931 1281 in
955 1221 1156 1301 uoraginem
1177 1240 1235 1285 ca-

183 1335 286 1381 suros
305 1317 528 1399 prouocando
548 1326 757 1394 ammonent,
779 1323 819 1380 ut
836 1337 878 1381 ea
900 1327 973 1382 toto
989 1320 1115 1383 mentis
1132 1341 1235 1384 cona-

184 1416 278 1481 mine
308 1436 385 1481 cum
416 1419 555 1481 casibus
588 1419 661 1481 suis
691 1437 760 1481 non
785 1417 897 1480 solum
924 1418 1143 1501 despiciendo
1174 1422 1235 1484 sed

185 1517 291 1581 etiam
314 1518 411 1583 uelut
432 1517 646 1583 fastidiosam
671 1517 896 1581 melancoliae
923 1520 1079 1583 nausiam
1103 1522 1234 1584 abomi-

184 1617 301 1682 nando
318 1617 505 1700 fugiamus,
521 1618 700 1682 tendentes
718 1618 762 1681 ad
778 1617 865 1680 illud
882 1618 1133 1701 propheticum,
1149 1621 1235 1684 ‘Di-

182 1717 291 1782 uitias
321 1718 352 1782 si
380 1717 535 1793 affluant,
561 1717 668 1782 nolite
695 1737 756 1781 cor
778 1718 975 1800 apponere?
1025 1718 1106 1797 Qua
1129 1719 1172 1782 de
1198 1741 1234 1783 re

183 1817 301 1881 infima
334 1818 435 1901 quasi
458 1819 652 1900 peripsema
682 1818 944 1899 quisquiliarum
972 1818 1147 1895 abiiciens,
1177 1840 1236 1882 su-

183 1937 294 1999 perna
319 1917 364 1982 ad
387 1919 499 1981 instar
526 1919 755 2000 pretiosorum
781 1916 959 1980 monilium
986 1918 1129 1999 eligens,
1161 1922 1234 1983 ani-

182 2036 277 2081 mum
302 2018 521 2100 sempiternis
544 2018 581 2081 in
604 2017 740 2098 gaudiis
766 2016 889 2097 figenS,
910 2017 954 2080 ad
978 2018 1234 2101 adipiscendam

184 2117 372 2183 mellifluae
404 2117 595 2180 dulcedinis
625 2117 894 2180 misericordiam
926 2118 1235 2202 perimendamque

179 2217 341 2281 infinitae
373 2217 526 2281 laetitiae
548 2217 806 2292 iocunditatem,
829 2236 895 2296 ego
912 2217 1052 2299 Eadgar
1077 2239 1138 2301 per
1161 2239 1234 2283 om-

183 2317 394 2400 nipatrantis
424 2317 603 2381 dexteram
641 2317 748 2380 totius
784 2317 986 2379 Britanniae
1020 2319 1118 2397 regni
1146 2320 1234 2384 solio

182 2419 394 2494 sullimatus,
405 2417 579 2499 quandam
593 2417 684 2480 ruris
700 2417 906 2499 particulam
921 2433 972 2480 .x.
983 2417 1144 2482 uidelicet
1158 2438 1233 2482 cas-

183 2526 281 2583 satos
301 2518 336 2581 in
353 2518 430 2582 loco
447 2518 507 2599 qui
523 2517 649 2581 celebri
667 2525 713 2580 aet
731 2516 885 2581 Clistune
908 2526 1138 2599 nuncupatur,
1158 2537 1235 2583 aec-

182 2619 309 2683 clesiae
320 2620 424 2683 beato
439 2617 546 2682 Petro
560 2617 796 2700 apostolorum
812 2617 959 2698 principi
973 2617 1151 2680 dedicatae
1166 2620 1233 2700 [in]

182 2720 328 2783 ciuitate
354 2738 444 2803 quae
476 2719 601 2782 celebri
629 2723 676 2781 aet
700 2717 834 2780 Hatum
858 2715 990 2781 Babum
1017 2725 1235 2800 nuncupatur

183 2826 359 2896 onomate,
374 2825 542 2902 perpetua
557 2817 704 2898 largitus
715 2836 792 2879 sum
808 2817 1020 2880 haereditate
1033 2838 1041 2895 3
1062 2826 1234 2900 quatenus

183 2939 244 2984 rus
258 2919 453 3002 praefatum
476 2919 520 2981 ad
541 2936 625 2980 usus
650 2917 895 2980 monachorum
915 2917 999 2979 inibi
1023 2917 1233 2998 degentium,

182 3018 236 3085 uti
267 3019 423 3099 AEscwig
461 3019 568 3081 abbas
606 3036 669 3080 suo
708 3016 858 3080 obtinuit
894 3016 1075 3093 famulatu,
1108 3019 1233 3082 deuote

181 3125 327 3183 aeterna
342 3118 515 3182 deseruiat
531 3117 754 3181 subiectione.
807 3116 914 3179 Dedit
931 3118 1020 3179 enim
1047 3136 1109 3198 pro
1131 3117 1232 3180 huius

184 3219 456 3283 commutatione
474 3217 608 3281 telluris
627 3234 671 3280 .c.
689 3217 765 3278 auri
782 3235 966 3279 mancusas
989 3236 1030 3279 ac
1053 3233 1104 3279 .x.
1122 3223 1234 3280 terrae

183 3337 323 3382 mansas
346 3337 435 3402 quae
463 3317 556 3381 illius
579 3316 713 3398 patriae
740 3318 889 3396 gnostici
920 3316 1070 3379 Cumtun
1096 3326 1233 3380 assuete

182 3417 376 3483 nominant.
407 3417 592 3481 Praedicta
604 3417 712 3497 igitur
725 3416 827 3479 tellus
842 3436 920 3479 cunr
932 3416 1089 3477 omnibus
1103 3418 1234 3478 utensi-

181 3519 284 3593 libus,
303 3518 413 3600 pratis
428 3515 602 3592 uidelicet,
618 3516 769 3598 pascum,
784 3517 894 3589 siluis
911 3533 1147 3596 aquarumque
1164 3516 1233 3578 dis-

182 3619 341 3682 cursibus
376 3616 597 3698 supradictae
634 3617 761 3696 iugiter
798 3615 1000 3677 subiiciatur
1036 3614 1233 3678 aecclesiae.

183 3718 237 3783 Sit
263 3724 380 3782 autem
407 3716 620 3799 praedictum
653 3733 711 3777 rus
745 3716 836 3778 omni
863 3723 1019 3777 terrenae
1055 3715 1234 3778 seruitutis

183 3819 266 3901 iugo
292 3817 451 3893 liberum,
474 3817 584 3880 tribus
608 3816 777 3895 exceptiS,
804 3815 977 3888 uidelicet,
999 3813 1232 3893 expeditione,

183 3919 299 4001 pontis
327 3916 461 3981 arcisue
497 3915 759 3980 restauratione.
825 3914 862 3978 Si
894 3913 972 3996 quis
1007 3912 1115 3996 igitur
1143 3914 1232 3979 hanc

185 4024 338 4083 nostram
378 4017 598 4081 donationem
639 4017 675 4078 in
712 4014 805 4077 aliud
844 4032 947 4095 quam
990 4014 1232 4077 constituimus

187 4116 372 4183 transferre
385 4117 545 4192 uoluerit,
562 4116 718 4197 priuatus
735 4115 909 4177 consortio
923 4122 1064 4175 sanctae
1082 4112 1137 4175 dei
1154 4134 1231 4176 aec·

235 4235 321 4281 rou.
341 4233 394 4283 111.
1063 4229 1081 4273 s
