<?xml version="1.0" encoding="UTF-8"?>
<!DOCTYPE html PUBLIC "-//W3C//DTD XHTML 1.0 Transitional//EN"
    "http://www.w3.org/TR/xhtml1/DTD/xhtml1-transitional.dtd">
<html xmlns="http://www.w3.org/1999/xhtml" xml:lang="en" lang="en">
 <head>
  <title>
</title>
<meta http-equiv="Content-Type" content="text/html;charset=utf-8" />
  <meta name='ocr-system' content='tesseract 3.04.00' />
  <meta name='ocr-capabilities' content='ocr_page ocr_carea ocr_par ocr_line ocrx_word'/>
</head>
<body>
  <div class='ocr_page' id='page_1' title='image "./codexdiplomatic00kembgoog_0336.png"; bbox 0 0 2858 4890; ppageno 0'>
   <div class='ocr_carea' id='block_1_1' title="bbox 456 378 1254 443">
    <p class='ocr_par' dir='ltr' id='par_1_1' title="bbox 456 378 1254 443">
     <span class='ocr_line' id='line_1_1' title="bbox 456 378 1254 443; baseline 0 -1"><span class='ocrx_word' id='word_1_1' title='bbox 456 393 628 443; x_wconf 75' lang='lat' dir='ltr'>cnnnrin</span> <span class='ocrx_word' id='word_1_2' title='bbox 654 393 994 441; x_wconf 73' lang='lat' dir='ltr'>nuccosnxouroan.</span> <span class='ocrx_word' id='word_1_3' title='bbox 1188 378 1254 442; x_wconf 73' lang='lat'>277</span> 
     </span>
    </p>
   </div>
   <div class='ocr_carea' id='block_1_2' title="bbox 180 551 1251 4123">
    <p class='ocr_par' dir='ltr' id='par_1_2' title="bbox 193 551 1251 3426">
     <span class='ocr_line' id='line_1_2' title="bbox 202 551 1250 634; baseline 0.005 -23"><span class='ocrx_word' id='word_1_4' title='bbox 202 566 335 632; x_wconf 91' lang='lat' dir='ltr'>semper</span> <span class='ocrx_word' id='word_1_5' title='bbox 360 551 396 614; x_wconf 90' lang='lat' dir='ltr'>in</span> <span class='ocrx_word' id='word_1_6' title='bbox 424 557 598 634; x_wconf 80' lang='lat' dir='ltr'>potestate</span> <span class='ocrx_word' id='word_1_7' title='bbox 620 552 696 614; x_wconf 89' lang='lat' dir='ltr'>eius</span> <span class='ocrx_word' id='word_1_8' title='bbox 724 551 771 614; x_wconf 93' lang='lat' dir='ltr'>sit</span> <span class='ocrx_word' id='word_1_9' title='bbox 804 570 1108 634; x_wconf 83' lang='lat' dir='ltr'><strong>successorumque</strong></span> <span class='ocrx_word' id='word_1_10' title='bbox 1146 553 1250 617; x_wconf 90' lang='lat' dir='ltr'>illius.</span> 
     </span>
     <span class='ocr_line' id='line_1_3' title="bbox 203 648 1251 735; baseline 0.006 -25"><span class='ocrx_word' id='word_1_11' title='bbox 203 648 326 732; x_wconf 86' lang='lat' dir='ltr'>ltaque</span> <span class='ocrx_word' id='word_1_12' title='bbox 350 651 503 714; x_wconf 91' lang='lat' dir='ltr'>omnium</span> <span class='ocrx_word' id='word_1_13' title='bbox 523 650 690 732; x_wconf 86' lang='lat' dir='ltr'>regalium</span> <span class='ocrx_word' id='word_1_14' title='bbox 711 652 918 714; x_wconf 88' lang='lat' dir='ltr'>tributorum</span> <span class='ocrx_word' id='word_1_15' title='bbox 941 652 1049 714; x_wconf 91' lang='lat' dir='ltr'>libera</span> <span class='ocrx_word' id='word_1_16' title='bbox 1070 653 1128 728; x_wconf 87' lang='lat' dir='ltr'>sit,</span> <span class='ocrx_word' id='word_1_17' title='bbox 1146 661 1251 735; x_wconf 88' lang='lat' dir='ltr'>atque</span> 
     </span>
     <span class='ocr_line' id='line_1_4' title="bbox 199 748 1250 834; baseline 0.005 -24"><span class='ocrx_word' id='word_1_18' title='bbox 199 748 319 813; x_wconf 86' lang='lat' dir='ltr'>laxata</span> <span class='ocrx_word' id='word_1_19' title='bbox 341 752 377 814; x_wconf 92' lang='lat' dir='ltr'>ui</span> <span class='ocrx_word' id='word_1_20' title='bbox 394 758 596 816; x_wconf 81' lang='lat' dir='ltr'>exactorum</span> <span class='ocrx_word' id='word_1_21' title='bbox 610 770 765 833; x_wconf 89' lang='lat' dir='ltr'>operum,</span> <span class='ocrx_word' id='word_1_22' title='bbox 777 751 1041 834; x_wconf 89' lang='lat' dir='ltr'>poenaliumque</span> <span class='ocrx_word' id='word_1_23' title='bbox 1055 771 1250 829; x_wconf 91' lang='lat' dir='ltr'>causarum,</span> 
     </span>
     <span class='ocr_line' id='line_1_5' title="bbox 199 850 1250 933; baseline 0.005 -22"><span class='ocrx_word' id='word_1_24' title='bbox 199 867 331 913; x_wconf 86' lang='lat' dir='ltr'>necnon</span> <span class='ocrx_word' id='word_1_25' title='bbox 355 858 391 914; x_wconf 91' lang='lat' dir='ltr'>et</span> <span class='ocrx_word' id='word_1_26' title='bbox 418 850 530 914; x_wconf 88' lang='lat' dir='ltr'>furum</span> <span class='ocrx_word' id='word_1_27' title='bbox 562 850 877 932; x_wconf 85' lang='lat' dir='ltr'>comprehensione,</span> <span class='ocrx_word' id='word_1_28' title='bbox 902 859 1095 933; x_wconf 89' lang='lat' dir='ltr'>cunctaque</span> <span class='ocrx_word' id='word_1_29' title='bbox 1121 854 1250 916; x_wconf 90' lang='lat' dir='ltr'>saeculi</span> 
     </span>
     <span class='ocr_line' id='line_1_6' title="bbox 199 948 1250 1034; baseline 0.004 -23"><span class='ocrx_word' id='word_1_30' title='bbox 199 949 398 1029; x_wconf 81' lang='lat' dir='ltr'>grauedine,</span> <span class='ocrx_word' id='word_1_31' title='bbox 416 951 546 1032; x_wconf 91' lang='lat' dir='ltr'>absque</span> <span class='ocrx_word' id='word_1_32' title='bbox 569 948 645 1014; x_wconf 87' lang='lat' dir='ltr'>sola</span> <span class='ocrx_word' id='word_1_33' title='bbox 667 951 898 1031; x_wconf 84' lang='lat' dir='ltr'>expeditione,</span> <span class='ocrx_word' id='word_1_34' title='bbox 915 957 1020 1032; x_wconf 89' lang='lat' dir='ltr'>atque</span> <span class='ocrx_word' id='word_1_35' title='bbox 1045 951 1151 1014; x_wconf 89' lang='lat' dir='ltr'>libera</span> <span class='ocrx_word' id='word_1_36' title='bbox 1172 973 1250 1034; x_wconf 90' lang='lat' dir='ltr'>per·</span> 
     </span>
     <span class='ocr_line' id='line_1_7' title="bbox 198 1048 1250 1133; baseline 0.005 -22"><span class='ocrx_word' id='word_1_37' title='bbox 198 1049 381 1129; x_wconf 89' lang='lat' dir='ltr'>petualiter</span> <span class='ocrx_word' id='word_1_38' title='bbox 407 1057 618 1133; x_wconf 89' lang='lat' dir='ltr'>permaneat.</span> <span class='ocrx_word' id='word_1_39' title='bbox 684 1048 891 1132; x_wconf 84' lang='lat' dir='ltr'>Quicunque</span> <span class='ocrx_word' id='word_1_40' title='bbox 917 1070 1000 1131; x_wconf 82' lang='lat' dir='ltr'>ergo</span> <span class='ocrx_word' id='word_1_41' title='bbox 1028 1049 1093 1114; x_wconf 93' lang='lat' dir='ltr'>hoc</span> <span class='ocrx_word' id='word_1_42' title='bbox 1122 1071 1250 1133; x_wconf 82' lang='lat' dir='ltr'>augere</span> 
     </span>
     <span class='ocr_line' id='line_1_8' title="bbox 199 1148 1246 1232; baseline 0.005 -22"><span class='ocrx_word' id='word_1_43' title='bbox 199 1158 302 1230; x_wconf 89' lang='lat' dir='ltr'>atque</span> <span class='ocrx_word' id='word_1_44' title='bbox 319 1149 548 1232; x_wconf 90' lang='lat' dir='ltr'>multiplicare</span> <span class='ocrx_word' id='word_1_45' title='bbox 562 1148 724 1224; x_wconf 92' lang='lat' dir='ltr'>uoluerit,</span> <span class='ocrx_word' id='word_1_46' title='bbox 741 1148 927 1231; x_wconf 87' lang='lat' dir='ltr'>amplificet</span> <span class='ocrx_word' id='word_1_47' title='bbox 944 1149 1028 1212; x_wconf 90' lang='lat' dir='ltr'>deus</span> <span class='ocrx_word' id='word_1_48' title='bbox 1044 1151 1137 1215; x_wconf 90' lang='lat' dir='ltr'>bona</span> <span class='ocrx_word' id='word_1_49' title='bbox 1153 1151 1246 1215; x_wconf 88' lang='lat' dir='ltr'>illius</span> 
     </span>
     <span class='ocr_line' id='line_1_9' title="bbox 198 1247 1251 1332; baseline 0.007 -24"><span class='ocrx_word' id='word_1_50' title='bbox 198 1247 230 1309; x_wconf 93' lang='lat' dir='ltr'>in</span> <span class='ocrx_word' id='word_1_51' title='bbox 267 1250 409 1330; x_wconf 81' lang='lat' dir='ltr'>regione</span> <span class='ocrx_word' id='word_1_52' title='bbox 437 1250 640 1326; x_wconf 89' lang='lat' dir='ltr'>uiuentium,</span> <span class='ocrx_word' id='word_1_53' title='bbox 670 1268 824 1331; x_wconf 86' lang='lat' dir='ltr'>paceque</span> <span class='ocrx_word' id='word_1_54' title='bbox 861 1254 981 1311; x_wconf 88' lang='lat' dir='ltr'>nostra</span> <span class='ocrx_word' id='word_1_55' title='bbox 1011 1251 1251 1332; x_wconf 82' lang='lat' dir='ltr'>conglutinata</span> 
     </span>
     <span class='ocr_line' id='line_1_10' title="bbox 198 1347 1248 1432; baseline 0.007 -24"><span class='ocrx_word' id='word_1_56' title='bbox 198 1347 318 1428; x_wconf 87' lang='lat' dir='ltr'>uigens</span> <span class='ocrx_word' id='word_1_57' title='bbox 348 1357 384 1414; x_wconf 91' lang='lat' dir='ltr'>et</span> <span class='ocrx_word' id='word_1_58' title='bbox 418 1350 555 1426; x_wconf 77' lang='lat' dir='ltr'>dorenS,</span> <span class='ocrx_word' id='word_1_59' title='bbox 586 1356 691 1432; x_wconf 91' lang='lat' dir='ltr'>atque</span> <span class='ocrx_word' id='word_1_60' title='bbox 729 1349 818 1413; x_wconf 91' lang='lat' dir='ltr'>inter</span> <span class='ocrx_word' id='word_1_61' title='bbox 850 1350 990 1430; x_wconf 84' lang='lat' dir='ltr'>agmina</span> <span class='ocrx_word' id='word_1_62' title='bbox 1026 1351 1248 1415; x_wconf 89' lang='lat' dir='ltr'>beatitudinis</span> 
     </span>
     <span class='ocr_line' id='line_1_11' title="bbox 199 1447 1247 1532; baseline 0.003 -22"><span class='ocrx_word' id='word_1_63' title='bbox 199 1447 350 1529; x_wconf 87' lang='lat' dir='ltr'>tripudia</span> <span class='ocrx_word' id='word_1_64' title='bbox 372 1449 547 1528; x_wconf 89' lang='lat' dir='ltr'>succedat,</span> <span class='ocrx_word' id='word_1_65' title='bbox 563 1449 624 1532; x_wconf 92' lang='lat' dir='ltr'>qui</span> <span class='ocrx_word' id='word_1_66' title='bbox 643 1455 781 1512; x_wconf 90' lang='lat' dir='ltr'>nostrae</span> <span class='ocrx_word' id='word_1_67' title='bbox 798 1449 995 1512; x_wconf 89' lang='lat' dir='ltr'>donationis</span> <span class='ocrx_word' id='word_1_68' title='bbox 1012 1451 1150 1513; x_wconf 91' lang='lat' dir='ltr'>muneri&#39;</span> <span class='ocrx_word' id='word_1_69' title='bbox 1166 1471 1247 1515; x_wconf 92' lang='lat' dir='ltr'>con-</span> 
     </span>
     <span class='ocr_line' id='line_1_12' title="bbox 199 1548 1248 1632; baseline 0.005 -23"><span class='ocrx_word' id='word_1_70' title='bbox 199 1548 335 1613; x_wconf 88' lang='lat' dir='ltr'>sentiat.</span> <span class='ocrx_word' id='word_1_71' title='bbox 389 1548 426 1613; x_wconf 93' lang='lat' dir='ltr'>Si</span> <span class='ocrx_word' id='word_1_72' title='bbox 453 1550 531 1632; x_wconf 88' lang='lat' dir='ltr'>quis</span> <span class='ocrx_word' id='word_1_73' title='bbox 557 1567 640 1613; x_wconf 89' lang='lat' dir='ltr'>uero</span> <span class='ocrx_word' id='word_1_74' title='bbox 667 1556 738 1612; x_wconf 91' lang='lat' dir='ltr'>tam</span> <span class='ocrx_word' id='word_1_75' title='bbox 769 1549 983 1631; x_wconf 90' lang='lat' dir='ltr'>epilemticus</span> <span class='ocrx_word' id='word_1_76' title='bbox 1014 1549 1248 1631; x_wconf 86' lang='lat' dir='ltr'>philarguriae</span> 
     </span>
     <span class='ocr_line' id='line_1_13' title="bbox 198 1647 1248 1732; baseline 0.005 -23"><span class='ocrx_word' id='word_1_77' title='bbox 198 1648 358 1713; x_wconf 87' lang='lat' dir='ltr'>seductus</span> <span class='ocrx_word' id='word_1_78' title='bbox 390 1650 551 1726; x_wconf 86' lang='lat' dir='ltr'>amentia,</span> <span class='ocrx_word' id='word_1_79' title='bbox 583 1647 675 1732; x_wconf 91' lang='lat' dir='ltr'>quod</span> <span class='ocrx_word' id='word_1_80' title='bbox 700 1668 769 1711; x_wconf 93' lang='lat' dir='ltr'>non</span> <span class='ocrx_word' id='word_1_81' title='bbox 798 1655 970 1731; x_wconf 88' lang='lat' dir='ltr'>optamus,</span> <span class='ocrx_word' id='word_1_82' title='bbox 998 1648 1086 1712; x_wconf 90' lang='lat' dir='ltr'>hanc</span> <span class='ocrx_word' id='word_1_83' title='bbox 1110 1657 1248 1714; x_wconf 87' lang='lat' dir='ltr'>nostrae</span> 
     </span>
     <span class='ocr_line' id='line_1_14' title="bbox 198 1747 1247 1832; baseline 0.004 -23"><span class='ocrx_word' id='word_1_84' title='bbox 198 1747 435 1832; x_wconf 86' lang='lat' dir='ltr'>eleemosynae</span> <span class='ocrx_word' id='word_1_85' title='bbox 463 1748 696 1832; x_wconf 86' lang='lat' dir='ltr'>dapsilitatem</span> <span class='ocrx_word' id='word_1_86' title='bbox 725 1768 811 1812; x_wconf 91' lang='lat' dir='ltr'>ausu</span> <span class='ocrx_word' id='word_1_87' title='bbox 849 1749 1030 1812; x_wconf 89' lang='lat' dir='ltr'>temerario</span> <span class='ocrx_word' id='word_1_88' title='bbox 1062 1749 1247 1830; x_wconf 78' lang='lat' dir='ltr'>infringere</span> 
     </span>
     <span class='ocr_line' id='line_1_15' title="bbox 198 1848 1247 1931; baseline 0.004 -21"><span class='ocrx_word' id='word_1_89' title='bbox 198 1850 431 1930; x_wconf 88' lang='lat' dir='ltr'>temptauerit,</span> <span class='ocrx_word' id='word_1_90' title='bbox 463 1850 509 1913; x_wconf 92' lang='lat' dir='ltr'>sit</span> <span class='ocrx_word' id='word_1_91' title='bbox 540 1848 615 1931; x_wconf 88' lang='lat' dir='ltr'>ipse</span> <span class='ocrx_word' id='word_1_92' title='bbox 649 1848 820 1911; x_wconf 89' lang='lat' dir='ltr'>alienatus</span> <span class='ocrx_word' id='word_1_93' title='bbox 850 1867 872 1912; x_wconf 91' lang='lat' dir='ltr'>a</span> <span class='ocrx_word' id='word_1_94' title='bbox 900 1848 1073 1911; x_wconf 91' lang='lat' dir='ltr'>consortio</span> <span class='ocrx_word' id='word_1_95' title='bbox 1106 1857 1247 1914; x_wconf 87' lang='lat' dir='ltr'>sanctae</span> 
     </span>
     <span class='ocr_line' id='line_1_16' title="bbox 199 1947 1247 2029; baseline 0.003 -20"><span class='ocrx_word' id='word_1_96' title='bbox 199 1947 251 2011; x_wconf 92' lang='lat' dir='ltr'>dei</span> <span class='ocrx_word' id='word_1_97' title='bbox 268 1949 471 2027; x_wconf 80' lang='lat' dir='ltr'>aecclesiae,</span> <span class='ocrx_word' id='word_1_98' title='bbox 494 1969 626 2013; x_wconf 89' lang='lat' dir='ltr'>necnon</span> <span class='ocrx_word' id='word_1_99' title='bbox 644 1956 680 2012; x_wconf 91' lang='lat' dir='ltr'>et</span> <span class='ocrx_word' id='word_1_100' title='bbox 702 1968 724 2011; x_wconf 90' lang='lat' dir='ltr'>a</span> <span class='ocrx_word' id='word_1_101' title='bbox 745 1949 1010 2029; x_wconf 83' lang='lat' dir='ltr'>participatione</span> <span class='ocrx_word' id='word_1_102' title='bbox 1036 1951 1247 2013; x_wconf 90' lang='lat' dir='ltr'>sacrosancti</span> 
     </span>
     <span class='ocr_line' id='line_1_17' title="bbox 196 2046 1245 2131; baseline 0.003 -22"><span class='ocrx_word' id='word_1_103' title='bbox 196 2050 350 2131; x_wconf 86' lang='lat' dir='ltr'>corporis</span> <span class='ocrx_word' id='word_1_104' title='bbox 368 2057 402 2114; x_wconf 88' lang='lat' dir='ltr'>et</span> <span class='ocrx_word' id='word_1_105' title='bbox 420 2050 597 2131; x_wconf 81' lang='lat' dir='ltr'>sanguinis</span> <span class='ocrx_word' id='word_1_106' title='bbox 622 2048 727 2111; x_wconf 90' lang='lat' dir='ltr'>Ihesu</span> <span class='ocrx_word' id='word_1_107' title='bbox 747 2047 877 2111; x_wconf 86' lang='lat' dir='ltr'>Christi</span> <span class='ocrx_word' id='word_1_108' title='bbox 895 2046 957 2110; x_wconf 91' lang='lat' dir='ltr'>filii</span> <span class='ocrx_word' id='word_1_109' title='bbox 973 2047 1039 2124; x_wconf 90' lang='lat' dir='ltr'>dei,</span> <span class='ocrx_word' id='word_1_110' title='bbox 1055 2067 1117 2129; x_wconf 89' lang='lat' dir='ltr'>per</span> <span class='ocrx_word' id='word_1_111' title='bbox 1142 2067 1245 2130; x_wconf 90' lang='lat' dir='ltr'>quem</span> 
     </span>
     <span class='ocr_line' id='line_1_18' title="bbox 195 2147 1245 2230; baseline -0.001 -19"><span class='ocrx_word' id='word_1_112' title='bbox 195 2155 288 2212; x_wconf 91' lang='lat' dir='ltr'>totus</span> <span class='ocrx_word' id='word_1_113' title='bbox 310 2155 480 2213; x_wconf 87' lang='lat' dir='ltr'>terrarum</span> <span class='ocrx_word' id='word_1_114' title='bbox 503 2150 595 2212; x_wconf 89' lang='lat' dir='ltr'>orbis</span> <span class='ocrx_word' id='word_1_115' title='bbox 626 2150 670 2211; x_wconf 87' lang='lat' dir='ltr'>ab</span> <span class='ocrx_word' id='word_1_116' title='bbox 696 2147 840 2230; x_wconf 86' lang='lat' dir='ltr'>antiquo</span> <span class='ocrx_word' id='word_1_117' title='bbox 862 2147 1002 2210; x_wconf 90' lang='lat' dir='ltr'>humani</span> <span class='ocrx_word' id='word_1_118' title='bbox 1024 2149 1158 2228; x_wconf 85' lang='lat' dir='ltr'>generis</span> <span class='ocrx_word' id='word_1_119' title='bbox 1181 2149 1245 2210; x_wconf 92' lang='lat' dir='ltr'>ini-</span> 
     </span>
     <span class='ocr_line' id='line_1_19' title="bbox 196 2245 1245 2329; baseline 0.003 -20"><span class='ocrx_word' id='word_1_120' title='bbox 196 2248 283 2312; x_wconf 92' lang='lat' dir='ltr'>mico</span> <span class='ocrx_word' id='word_1_121' title='bbox 326 2248 492 2312; x_wconf 91' lang='lat' dir='ltr'>liberatus</span> <span class='ocrx_word' id='word_1_122' title='bbox 518 2255 584 2326; x_wconf 89' lang='lat' dir='ltr'>est,</span> <span class='ocrx_word' id='word_1_123' title='bbox 617 2257 652 2312; x_wconf 91' lang='lat' dir='ltr'>et</span> <span class='ocrx_word' id='word_1_124' title='bbox 687 2266 764 2310; x_wconf 92' lang='lat' dir='ltr'>cum</span> <span class='ocrx_word' id='word_1_125' title='bbox 799 2246 889 2310; x_wconf 90' lang='lat' dir='ltr'>luda</span> <span class='ocrx_word' id='word_1_126' title='bbox 916 2245 1045 2309; x_wconf 89' lang='lat' dir='ltr'>Christi</span> <span class='ocrx_word' id='word_1_127' title='bbox 1071 2247 1245 2329; x_wconf 89' lang='lat' dir='ltr'>proditore</span> 
     </span>
     <span class='ocr_line' id='line_1_20' title="bbox 195 2346 1248 2431; baseline 0.001 -22"><span class='ocrx_word' id='word_1_128' title='bbox 195 2347 336 2411; x_wconf 92' lang='lat' dir='ltr'>sinistra</span> <span class='ocrx_word' id='word_1_129' title='bbox 361 2349 399 2411; x_wconf 91' lang='lat' dir='ltr'>in</span> <span class='ocrx_word' id='word_1_130' title='bbox 424 2356 523 2431; x_wconf 89' lang='lat' dir='ltr'>parte</span> <span class='ocrx_word' id='word_1_131' title='bbox 546 2348 744 2430; x_wconf 89' lang='lat' dir='ltr'>deputatus,</span> <span class='ocrx_word' id='word_1_132' title='bbox 765 2347 801 2409; x_wconf 93' lang='lat' dir='ltr'>ni</span> <span class='ocrx_word' id='word_1_133' title='bbox 823 2347 918 2429; x_wconf 90' lang='lat' dir='ltr'>prius</span> <span class='ocrx_word' id='word_1_134' title='bbox 944 2346 1000 2409; x_wconf 91' lang='lat' dir='ltr'>hic</span> <span class='ocrx_word' id='word_1_135' title='bbox 1018 2346 1123 2427; x_wconf 84' lang='lat' dir='ltr'>digna</span> <span class='ocrx_word' id='word_1_136' title='bbox 1145 2348 1248 2411; x_wconf 89' lang='lat' dir='ltr'>satis-</span> 
     </span>
     <span class='ocr_line' id='line_1_21' title="bbox 195 2445 1245 2530; baseline 0.002 -22"><span class='ocrx_word' id='word_1_137' title='bbox 195 2445 345 2512; x_wconf 80' lang='lat' dir='ltr'>factione</span> <span class='ocrx_word' id='word_1_138' title='bbox 369 2448 508 2512; x_wconf 91' lang='lat' dir='ltr'>humilis</span> <span class='ocrx_word' id='word_1_139' title='bbox 533 2447 753 2530; x_wconf 89' lang='lat' dir='ltr'>poenituerit,</span> <span class='ocrx_word' id='word_1_140' title='bbox 770 2447 862 2528; x_wconf 93' lang='lat' dir='ltr'>quod</span> <span class='ocrx_word' id='word_1_141' title='bbox 881 2452 1001 2510; x_wconf 88' lang='lat' dir='ltr'>contra</span> <span class='ocrx_word' id='word_1_142' title='bbox 1020 2454 1174 2510; x_wconf 89' lang='lat' dir='ltr'>sanctam</span> <span class='ocrx_word' id='word_1_143' title='bbox 1190 2447 1245 2510; x_wconf 93' lang='lat' dir='ltr'>dei</span> 
     </span>
     <span class='ocr_line' id='line_1_22' title="bbox 196 2547 1245 2630; baseline 0 -20"><span class='ocrx_word' id='word_1_144' title='bbox 196 2547 399 2611; x_wconf 89' lang='lat' dir='ltr'>aecclesiam</span> <span class='ocrx_word' id='word_1_145' title='bbox 429 2548 565 2612; x_wconf 89' lang='lat' dir='ltr'>rebellis</span> <span class='ocrx_word' id='word_1_146' title='bbox 598 2567 701 2630; x_wconf 79' lang='lat' dir='ltr'>agere</span> <span class='ocrx_word' id='word_1_147' title='bbox 735 2547 978 2628; x_wconf 88' lang='lat' dir='ltr'>praesumpsit,</span> <span class='ocrx_word' id='word_1_148' title='bbox 1012 2567 1074 2610; x_wconf 90' lang='lat' dir='ltr'>nec</span> <span class='ocrx_word' id='word_1_149' title='bbox 1108 2548 1141 2609; x_wconf 93' lang='lat' dir='ltr'>in</span> <span class='ocrx_word' id='word_1_150' title='bbox 1171 2548 1245 2610; x_wconf 91' lang='lat' dir='ltr'>uita</span> 
     </span>
     <span class='ocr_line' id='line_1_23' title="bbox 195 2646 1244 2728; baseline 0.002 -20"><span class='ocrx_word' id='word_1_151' title='bbox 195 2646 260 2710; x_wconf 92' lang='lat' dir='ltr'>hac</span> <span class='ocrx_word' id='word_1_152' title='bbox 276 2649 431 2728; x_wconf 90' lang='lat' dir='ltr'>practica</span> <span class='ocrx_word' id='word_1_153' title='bbox 445 2649 594 2725; x_wconf 89' lang='lat' dir='ltr'>ueniam,</span> <span class='ocrx_word' id='word_1_154' title='bbox 617 2667 679 2712; x_wconf 87' lang='lat' dir='ltr'>nec</span> <span class='ocrx_word' id='word_1_155' title='bbox 696 2647 732 2709; x_wconf 91' lang='lat' dir='ltr'>in</span> <span class='ocrx_word' id='word_1_156' title='bbox 746 2647 899 2710; x_wconf 90' lang='lat' dir='ltr'>theorica</span> <span class='ocrx_word' id='word_1_157' title='bbox 915 2647 1067 2728; x_wconf 89' lang='lat' dir='ltr'>requiem</span> <span class='ocrx_word' id='word_1_158' title='bbox 1083 2654 1244 2728; x_wconf 90' lang='lat' dir='ltr'>apostata</span> 
     </span>
     <span class='ocr_line' id='line_1_24' title="bbox 194 2745 1244 2825; baseline 0 -16"><span class='ocrx_word' id='word_1_159' title='bbox 194 2747 351 2811; x_wconf 88' lang='lat' dir='ltr'>obtineat</span> <span class='ocrx_word' id='word_1_160' title='bbox 375 2748 493 2825; x_wconf 91' lang='lat' dir='ltr'>ullam,</span> <span class='ocrx_word' id='word_1_161' title='bbox 516 2747 576 2811; x_wconf 91' lang='lat' dir='ltr'>sed</span> <span class='ocrx_word' id='word_1_162' title='bbox 599 2748 749 2811; x_wconf 90' lang='lat' dir='ltr'>aeternis</span> <span class='ocrx_word' id='word_1_163' title='bbox 766 2745 919 2810; x_wconf 89' lang='lat' dir='ltr'>barathri</span> <span class='ocrx_word' id='word_1_164' title='bbox 943 2746 1108 2809; x_wconf 91' lang='lat' dir='ltr'>incendiis</span> <span class='ocrx_word' id='word_1_165' title='bbox 1127 2755 1244 2810; x_wconf 91' lang='lat' dir='ltr'>trusus</span> 
     </span>
     <span class='ocr_line' id='line_1_25' title="bbox 193 2839 1243 2928; baseline 0.001 -20"><span class='ocrx_word' id='word_1_166' title='bbox 193 2845 321 2928; x_wconf 82' lang='lat' dir='ltr'>iugiter</span> <span class='ocrx_word' id='word_1_167' title='bbox 336 2849 545 2912; x_wconf 89' lang='lat' dir='ltr'>miserrimus</span> <span class='ocrx_word' id='word_1_168' title='bbox 562 2839 744 2911; x_wconf 88' lang='lat' dir='ltr'>crucietur.</span> <span class='ocrx_word' id='word_1_169' title='bbox 798 2844 899 2910; x_wconf 83' lang='lat' dir='ltr'>Anno</span> <span class='ocrx_word' id='word_1_170' title='bbox 922 2844 1112 2909; x_wconf 89' lang='lat' dir='ltr'>dominicae</span> <span class='ocrx_word' id='word_1_171' title='bbox 1131 2846 1243 2909; x_wconf 91' lang='lat' dir='ltr'>incar·</span> 
     </span>
     <span class='ocr_line' id='line_1_26' title="bbox 194 2944 1244 3025; baseline 0.001 -18"><span class='ocrx_word' id='word_1_172' title='bbox 194 2947 348 3010; x_wconf 88' lang='lat' dir='ltr'>nationis</span> <span class='ocrx_word' id='word_1_173' title='bbox 364 2963 623 3011; x_wconf 87' lang='lat' dir='ltr'>.ncccc.xcuu.</span> <span class='ocrx_word' id='word_1_174' title='bbox 639 2946 824 3009; x_wconf 89' lang='lat' dir='ltr'>indictione</span> <span class='ocrx_word' id='word_1_175' title='bbox 839 2961 913 3008; x_wconf 89' lang='lat' dir='ltr'>.v11.</span> <span class='ocrx_word' id='word_1_176' title='bbox 936 2944 1066 3025; x_wconf 88' lang='lat' dir='ltr'>scripta</span> <span class='ocrx_word' id='word_1_177' title='bbox 1081 2953 1134 3008; x_wconf 88' lang='lat' dir='ltr'>est</span> <span class='ocrx_word' id='word_1_178' title='bbox 1159 2944 1244 3008; x_wconf 90' lang='lat' dir='ltr'>haec</span> 
     </span>
     <span class='ocr_line' id='line_1_27' title="bbox 195 3043 1243 3126; baseline 0 -19"><span class='ocrx_word' id='word_1_179' title='bbox 195 3046 331 3110; x_wconf 89' lang='lat' dir='ltr'>cartula</span> <span class='ocrx_word' id='word_1_180' title='bbox 365 3067 386 3110; x_wconf 91' lang='lat' dir='ltr'>a</span> <span class='ocrx_word' id='word_1_181' title='bbox 420 3045 605 3110; x_wconf 87' lang='lat' dir='ltr'>uenerabili</span> <span class='ocrx_word' id='word_1_182' title='bbox 647 3045 905 3126; x_wconf 88' lang='lat' dir='ltr'>archiepiscopo</span> <span class='ocrx_word' id='word_1_183' title='bbox 944 3043 1096 3124; x_wconf 88' lang='lat' dir='ltr'>Sigerico</span> <span class='ocrx_word' id='word_1_184' title='bbox 1130 3044 1243 3107; x_wconf 89' lang='lat' dir='ltr'>Doro-</span> 
     </span>
     <span class='ocr_line' id='line_1_28' title="bbox 193 3142 1242 3225; baseline 0 -19"><span class='ocrx_word' id='word_1_185' title='bbox 193 3145 372 3209; x_wconf 90' lang='lat' dir='ltr'>bernensis</span> <span class='ocrx_word' id='word_1_186' title='bbox 390 3146 576 3210; x_wconf 89' lang='lat' dir='ltr'>aecclesiae</span> <span class='ocrx_word' id='word_1_187' title='bbox 592 3145 695 3208; x_wconf 90' lang='lat' dir='ltr'>huius</span> <span class='ocrx_word' id='word_1_188' title='bbox 718 3144 970 3207; x_wconf 90' lang='lat' dir='ltr'>munificentiae</span> <span class='ocrx_word' id='word_1_189' title='bbox 993 3142 1242 3225; x_wconf 81' lang='lat' dir='ltr'>chirographa3</span> 
     </span>
     <span class='ocr_line' id='line_1_29' title="bbox 194 3241 1245 3325; baseline -0.001 -19"><span class='ocrx_word' id='word_1_190' title='bbox 194 3242 260 3307; x_wconf 92' lang='lat' dir='ltr'>hiis</span> <span class='ocrx_word' id='word_1_191' title='bbox 287 3246 434 3309; x_wconf 90' lang='lat' dir='ltr'>testibus</span> <span class='ocrx_word' id='word_1_192' title='bbox 456 3245 761 3319; x_wconf 90' lang='lat' dir='ltr'>consentientibus,</span> <span class='ocrx_word' id='word_1_193' title='bbox 784 3262 926 3325; x_wconf 92' lang='lat' dir='ltr'>quorum</span> <span class='ocrx_word' id='word_1_194' title='bbox 945 3241 1088 3305; x_wconf 88' lang='lat' dir='ltr'>inferius</span> <span class='ocrx_word' id='word_1_195' title='bbox 1105 3244 1245 3306; x_wconf 88' lang='lat' dir='ltr'>nomina</span> 
     </span>
     <span class='ocr_line' id='line_1_30' title="bbox 194 3343 1001 3426; baseline -0.002 -20"><span class='ocrx_word' id='word_1_196' title='bbox 194 3343 384 3409; x_wconf 86' lang='lat' dir='ltr'>decusatim</span> <span class='ocrx_word' id='word_1_197' title='bbox 401 3345 539 3409; x_wconf 91' lang='lat' dir='ltr'>domino</span> <span class='ocrx_word' id='word_1_198' title='bbox 557 3343 761 3426; x_wconf 89' lang='lat' dir='ltr'>disponente</span> <span class='ocrx_word' id='word_1_199' title='bbox 778 3349 1001 3405; x_wconf 87' lang='lat' dir='ltr'>caraxantur.</span> 
     </span>
    </p>

    <p class='ocr_par' dir='ltr' id='par_1_3' title="bbox 180 3438 1244 4123">
     <span class='ocr_line' id='line_1_31' title="bbox 203 3438 1242 3527; baseline -0.005 -18"><span class='ocrx_word' id='word_1_200' title='bbox 203 3490 206 3495; x_wconf 84' lang='lat'><em>-</em></span> <span class='ocrx_word' id='word_1_201' title='bbox 247 3446 288 3525; x_wconf 72' lang='lat'>&gt;1⁴</span> <span class='ocrx_word' id='word_1_202' title='bbox 318 3443 396 3527; x_wconf 81' lang='lat' dir='ltr'>Ego</span> <span class='ocrx_word' id='word_1_203' title='bbox 427 3443 634 3508; x_wconf 73' lang='lat' dir='ltr'>AEtielredus</span> <span class='ocrx_word' id='word_1_204' title='bbox 670 3443 874 3507; x_wconf 91' lang='lat' dir='ltr'>Britanniae</span> <span class='ocrx_word' id='word_1_205' title='bbox 912 3440 1019 3504; x_wconf 90' lang='lat' dir='ltr'>totius</span> <span class='ocrx_word' id='word_1_206' title='bbox 1047 3438 1242 3520; x_wconf 82' lang='lat' dir='ltr'>Anglorum</span> 
     </span>
     <span class='ocr_line' id='line_1_32' title="bbox 194 3541 1241 3624; baseline -0.003 -19"><span class='ocrx_word' id='word_1_207' title='bbox 194 3543 402 3608; x_wconf 90' lang='lat' dir='ltr'>monarchus</span> <span class='ocrx_word' id='word_1_208' title='bbox 446 3542 511 3607; x_wconf 91' lang='lat' dir='ltr'>hoc</span> <span class='ocrx_word' id='word_1_209' title='bbox 559 3543 659 3624; x_wconf 87' lang='lat' dir='ltr'>agiae</span> <span class='ocrx_word' id='word_1_210' title='bbox 708 3542 820 3605; x_wconf 87' lang='lat' dir='ltr'>crucis</span> <span class='ocrx_word' id='word_1_211' title='bbox 870 3547 1023 3604; x_wconf 87' lang='lat' dir='ltr'>taumate</span> <span class='ocrx_word' id='word_1_212' title='bbox 1072 3541 1241 3604; x_wconf 87' lang='lat' dir='ltr'>rohoraui.</span> 
     </span>
     <span class='ocr_line' id='line_1_33' title="bbox 194 3639 1243 3726; baseline -0.003 -20"><span class='ocrx_word' id='word_1_213' title='bbox 194 3645 233 3726; x_wconf 67' lang='lat'>›1‹</span> <span class='ocrx_word' id='word_1_214' title='bbox 265 3642 343 3724; x_wconf 85' lang='lat' dir='ltr'>Ego</span> <span class='ocrx_word' id='word_1_215' title='bbox 378 3643 509 3723; x_wconf 86' lang='lat' dir='ltr'>Sigeric</span> <span class='ocrx_word' id='word_1_216' title='bbox 542 3641 815 3706; x_wconf 89' lang='lat' dir='ltr'>Dorobernensis</span> <span class='ocrx_word' id='word_1_217' title='bbox 852 3640 1038 3703; x_wconf 89' lang='lat' dir='ltr'>aecclesiae</span> <span class='ocrx_word' id='word_1_218' title='bbox 1075 3639 1243 3722; x_wconf 90' lang='lat' dir='ltr'>archiepi-</span> 
     </span>
     <span class='ocr_line' id='line_1_34' title="bbox 186 3738 1244 3825; baseline 0 -22"><span class='ocrx_word' id='word_1_219' title='bbox 186 3760 318 3824; x_wconf 88' lang='lat' dir='ltr'>scopus</span> <span class='ocrx_word' id='word_1_220' title='bbox 340 3741 487 3825; x_wconf 81' lang='lat' dir='ltr'>praesnti</span> <span class='ocrx_word' id='word_1_221' title='bbox 520 3743 611 3824; x_wconf 84' lang='lat' dir='ltr'>regis</span> <span class='ocrx_word' id='word_1_222' title='bbox 641 3740 901 3805; x_wconf 89' lang='lat' dir='ltr'>beneuolentiae</span> <span class='ocrx_word' id='word_1_223' title='bbox 929 3738 1042 3804; x_wconf 89' lang='lat' dir='ltr'>laetus</span> <span class='ocrx_word' id='word_1_224' title='bbox 1073 3742 1244 3804; x_wconf 90' lang='lat' dir='ltr'>consensi.</span> 
     </span>
     <span class='ocr_line' id='line_1_35' title="bbox 189 3839 1243 3925; baseline -0.005 -19"><span class='ocrx_word' id='word_1_225' title='bbox 189 3845 232 3925; x_wconf 55' lang='grc' dir='ltr'>ᾖ</span> <span class='ocrx_word' id='word_1_226' title='bbox 251 3841 330 3924; x_wconf 78' lang='lat' dir='ltr'>Ego</span> <span class='ocrx_word' id='word_1_227' title='bbox 346 3841 510 3906; x_wconf 85' lang='lat' dir='ltr'>AElfheah</span> <span class='ocrx_word' id='word_1_228' title='bbox 528 3841 666 3924; x_wconf 89' lang='lat' dir='ltr'>praesul</span> <span class='ocrx_word' id='word_1_229' title='bbox 687 3842 854 3904; x_wconf 90' lang='lat' dir='ltr'>canonica</span> <span class='ocrx_word' id='word_1_230' title='bbox 870 3839 1121 3921; x_wconf 86' lang='lat' dir='ltr'>subscriptione</span> <span class='ocrx_word' id='word_1_231' title='bbox 1139 3858 1243 3902; x_wconf 90' lang='lat' dir='ltr'>manu</span> 
     </span>
     <span class='ocr_line' id='line_1_36' title="bbox 180 3938 1243 4024; baseline -0.005 -18"><span class='ocrx_word' id='word_1_232' title='bbox 180 3942 333 4024; x_wconf 90' lang='lat' dir='ltr'>propria</span> <span class='ocrx_word' id='word_1_233' title='bbox 363 3941 483 4005; x_wconf 88' lang='lat' dir='ltr'>hilaris</span> <span class='ocrx_word' id='word_1_234' title='bbox 515 3948 551 4004; x_wconf 90' lang='lat' dir='ltr'>et</span> <span class='ocrx_word' id='word_1_235' title='bbox 584 3940 799 4023; x_wconf 90' lang='lat' dir='ltr'>triumphans</span> <span class='ocrx_word' id='word_1_236' title='bbox 828 3939 1028 4021; x_wconf 88' lang='lat' dir='ltr'>subscripsi.</span> <span class='ocrx_word' id='word_1_237' title='bbox 1101 3940 1141 4021; x_wconf 77' lang='lat'>›1‹</span> <span class='ocrx_word' id='word_1_238' title='bbox 1167 3938 1243 4019; x_wconf 85' lang='lat' dir='ltr'>Ego</span> 
     </span>
     <span class='ocr_line' id='line_1_37' title="bbox 181 4037 1242 4123; baseline -0.004 -19"><span class='ocrx_word' id='word_1_239' title='bbox 181 4037 342 4104; x_wconf 87' lang='lat' dir='ltr'>Ealdred</span> <span class='ocrx_word' id='word_1_240' title='bbox 357 4041 468 4123; x_wconf 91' lang='lat' dir='ltr'>plebis</span> <span class='ocrx_word' id='word_1_241' title='bbox 491 4040 545 4104; x_wconf 89' lang='lat' dir='ltr'>dei</span> <span class='ocrx_word' id='word_1_242' title='bbox 560 4040 709 4105; x_wconf 81' lang='lat' dir='ltr'>famulus</span> <span class='ocrx_word' id='word_1_243' title='bbox 727 4040 866 4103; x_wconf 88' lang='lat' dir='ltr'>iubente</span> <span class='ocrx_word' id='word_1_244' title='bbox 885 4058 965 4119; x_wconf 82' lang='lat' dir='ltr'>rege</span> <span class='ocrx_word' id='word_1_245' title='bbox 985 4039 1122 4116; x_wconf 83' lang='lat' dir='ltr'>signum</span> <span class='ocrx_word' id='word_1_246' title='bbox 1142 4056 1242 4100; x_wconf 90' lang='lat' dir='ltr'>sanc-</span> 
     </span>
    </p>
   </div>
   <div class='ocr_carea' id='block_1_3' title="bbox 179 4130 1241 4223">
    <p class='ocr_par' dir='ltr' id='par_1_4' title="bbox 179 4130 1241 4223">
     <span class='ocr_line' id='line_1_38' title="bbox 179 4130 1241 4223; baseline -0.007 -18"><span class='ocrx_word' id='word_1_247' title='bbox 179 4145 246 4205; x_wconf 86' lang='lat' dir='ltr'>tae</span> <span class='ocrx_word' id='word_1_248' title='bbox 261 4130 388 4205; x_wconf 63' lang='lat' dir='ltr'>&#39;crucis</span> <span class='ocrx_word' id='word_1_249' title='bbox 412 4140 580 4223; x_wconf 88' lang='lat' dir='ltr'>plaudens</span> <span class='ocrx_word' id='word_1_250' title='bbox 597 4141 766 4223; x_wconf 89' lang='lat' dir='ltr'>impressi.</span> <span class='ocrx_word' id='word_1_251' title='bbox 824 4143 862 4221; x_wconf 75' lang='lat'>›1‹</span> <span class='ocrx_word' id='word_1_252' title='bbox 883 4139 958 4219; x_wconf 84' lang='lat' dir='ltr'>Ego</span> <span class='ocrx_word' id='word_1_253' title='bbox 977 4136 1141 4200; x_wconf 86' lang='lat' dir='ltr'>AElfwold</span> <span class='ocrx_word' id='word_1_254' title='bbox 1155 4156 1241 4218; x_wconf 89' lang='lat' dir='ltr'>pcn-</span> 
     </span>
    </p>
   </div>
   <div class='ocr_carea' id='block_1_4' title="bbox 0 0 1434 4890">
    <p class='ocr_par' dir='ltr' id='par_1_5' title="bbox 0 0 1434 4890">
     <span class='ocr_line' id='line_1_39' title="bbox 0 0 1434 4890; baseline 0 2"><span class='ocrx_word' id='word_1_255' title='bbox 0 0 1434 4890; x_wconf 95' lang='lat' dir='ltr'> </span> 
     </span>
    </p>
   </div>
  </div>
 </body>
</html>
