2858 4890
179 347 245 413 1⁷8
431 361 604 409 susurru
629 360 970 410 suouosrxourcsm

181 527 234 585 est
261 520 330 584 ista
359 519 505 596 cartula,
536 517 590 582 his
626 525 913 583 testamentorum
950 517 1236 599 astipulatoribus

181 639 326 735 quorum
354 619 493 684 nomina
511 619 548 681 in
570 619 860 702 subsequentibus
886 617 1114 700 praetitulata
1136 618 1236 700 pagi·

183 720 237 783 nis
260 726 377 801 aperte
400 718 572 782 uidentur.

239 821 278 902 »14
306 818 360 898 Eg
338 838 382 882 σο
408 817 549 881 Oswald
577 817 706 880 Christi
736 817 935 898 dapsilitate
969 814 1237 880 aecclesiarohes

184 938 263 984 cum
290 918 401 982 crucis
422 923 596 980 caractere
622 916 1237 998 consigillaui.›1‹E0goWynsige

184 1019 374 1101 presbyter.
449 1015 702 1097 ›11Eadweard
732 1017 922 1098 presbyter.
980 1019 1019 1097 »14
1042 1014 1238 1080 Wulfheah

184 1119 374 1200 presbyter.
444 1119 483 1197 »14
499 1115 683 1180 AE’delstan
704 1118 893 1199 presbyter.
961 1117 1000 1197 »14
1022 1114 1237 1179 Wulsweard

100 1224 103 1228 ’
184 1217 361 1280 diaconus.
410 1216 449 1295 »14
467 1214 622 1298 Cynstan
640 1215 796 1278 clericus
852 1217 891 1298 »14
904 1215 1044 1279 AEberic
1061 1216 1237 1278 diaconus.

191 1315 419 1398 ›14Eadwine
452 1315 605 1378 clericus.
684 1317 723 1395 »14
739 1315 918 1395 AE’6elsige
942 1315 1120 1379 diaconus,
1195 1315 1234 1394 »14

185 1414 350 1495 Wulfgar
376 1413 531 1476 clericus.
588 1415 627 1496 »14
650 1414 796 1496 AElssige
821 1415 1010 1496 presbyter.
1066 1412 1239 1496 »1407116-

184 1521 276 1595 ’degn
298 1513 454 1576 clericus.
527 1513 566 1592 »14
584 1513 727 1577 AElsnort
750 1513 905 1578 clericus.
978 1517 1017 1595 »14
1041 1512 1239 1578 AEaelwold

188 1613 343 1677 clericus
412 1613 451 1694 »14
465 1611 639 1675 Wulihun
658 1613 811 1676 clericus.
880 1615 919 1693 »14
943 1611 1106 1693 Godincg
1122 1613 1239 1675 diaco-

186 1731 262 1777 nus.
334 1713 373 1793 »14
396 1710 562 1776 Leosstan
579 1712 754 1776 diaconus.
830 1715 869 1793 »14
887 1710 1062 1775 Leoswine
1080 1711 1239 1774 clericus.

193 1811 392 1892 fflAElfstan
413 1811 568 1874 clericus,

653 1956 774 1966 ———.

607 2107 827 2174 DCXXVI.

541 2254 801 2331 AEDELRED,
827 2255 903 2319 980.

239 2408 278 2489 »14
293 2404 588 2468 Cs'ruohrcouuu
605 2403 828 2468 incitamento
855 2404 1089 2481 moniminum,
1102 2414 1142 2470 ut
1160 2409 1244 2471 emi-

192 2513 327 2569 nentem
366 2504 586 2587 plasmatoris
623 2504 862 2567 uniuersorum
896 2510 931 2567 et
966 2505 1242 2570 inextricabilem

191 2604 406 2668 aeternitatis
421 2605 604 2668 essentiam
621 2604 708 2666 mira
730 2603 964 2685 dispositionis
982 2603 1145 2685 indagine
1161 2626 1244 2670 con-

190 2705 264 2768 dita
285 2705 534 2785 gubernantem
559 2702 694 2766 interna
715 2703 942 2784 penetralium
964 2703 1244 2784 subpeditatione

190 2803 411 2885 magnificare
445 2810 584 2866 strenue
617 2802 819 2875 suademur3
850 2809 891 2865 ut
924 2821 1013 2884 quae
1039 2809 1139 2868 tauto
1175 2806 1243 2870 sre-

189 2904 365 2987 quentinm
383 2901 587 2966 assiduitate
601 2901 827 2977 moliminum,
848 2920 925 2964 cum
940 2901 1112 2967 indefessa
1130 2907 1244 2986 magis

190 3004 357 3067 auiditate
386 3022 548 3065 sensuum
577 3001 621 3063 ad
655 3001 871 3082 impetranda
899 3000 1139 3064 coelicolarum
1173 3005 1244 3068 ala-

143 3158 147 3165 .
191 3103 357 3166 crimonia
397 3100 596 3183 diligentius
632 3101 825 3163 insudando
863 3101 1075 3177 studeamus,
1107 3111 1243 3184 quanto

191 3201 424 3284 particulatim
451 3200 534 3263 haec
560 3200 695 3263 defectu
718 3199 942 3282 compellente
966 3199 1096 3276 labilia,
1116 3203 1244 3283 quibus

194 3307 229 3364 et
251 3299 433 3362 ineffabilis
456 3299 514 3363 ille
535 3306 670 3362 creator
695 3299 1004 3362 misericordiarum
1029 3299 1243 3367 exhibitione

192 3400 414 3463 formatorum
434 3406 611 3480 reparator
623 3399 830 3479 imaginaria
843 3399 898 3460 sui
912 3397 1133 3463 similitudine
1149 3421 1245 3466 com-

192 3505 344 3581 pactum,
362 3496 603 3578 quadriformis
626 3496 778 3561 adhibito
804 3495 959 3560 materiei
981 3497 1101 3578 uigore
1123 3520 1245 3584 corpo-

192 3605 316 3671 ratum,
335 3596 371 3658 iu
393 3596 469 3677 ipso
492 3616 578 3677 pene
600 3597 804 3660 caducorum
830 3597 972 3661 exordio
992 3598 1157 3678 praefecit
1181 3601 1244 3667 ho·

194 3698 332 3772 minem,
360 3695 502 3758 fortuita
530 3696 672 3759 nimium
695 3703 730 3759 et
751 3697 930 3779 repentina
961 3714 1104 3760 casuum
1128 3702 1242 3764 uarie-

194 3802 266 3859 tate
292 3795 428 3878 penitus
446 3793 530 3858 haec
547 3795 623 3876 ipsa
643 3794 816 3859 adnullari
832 3796 1053 3878 properantia
1070 3798 1242 3863 uidentur.

196 3893 418 3976 Quapropter
435 3913 500 3975 ego
519 3894 683 3958 AE’telred
709 3894 888 3958 altithroni
904 3895 1043 3958 fauente
1060 3896 1244 3963 clementia

195 3993 365 4076 Anglicae
395 3994 546 4057 nationis
567 3995 729 4070 basileus,
747 4002 787 4058 ut
809 3993 892 4056 haec
919 4012 1125 4059 aerumnosa
1145 3998 1242 4064 labo-

194 4094 277 4157 riosi
302 4092 398 4156 exilii
424 4094 534 4158 uitare
556 4094 720 4176 pericula,
739 4101 772 4158 et
796 4112 885 4176 quae
906 4092 1000 4156 illius
1025 4098 1242 4164 aeternitatis
