<?xml version="1.0" encoding="UTF-8"?>
<!DOCTYPE html PUBLIC "-//W3C//DTD XHTML 1.0 Transitional//EN"
    "http://www.w3.org/TR/xhtml1/DTD/xhtml1-transitional.dtd">
<html xmlns="http://www.w3.org/1999/xhtml" xml:lang="en" lang="en">
 <head>
  <title>
</title>
<meta http-equiv="Content-Type" content="text/html;charset=utf-8" />
  <meta name='ocr-system' content='tesseract 3.04.00' />
  <meta name='ocr-capabilities' content='ocr_page ocr_carea ocr_par ocr_line ocrx_word'/>
</head>
<body>
  <div class='ocr_page' id='page_1' title='image "./codexdiplomatic00kembgoog_0072.png"; bbox 0 0 2858 4890; ppageno 0'>
   <div class='ocr_carea' id='block_1_1' title="bbox 347 368 1144 430">
    <p class='ocr_par' dir='ltr' id='par_1_1' title="bbox 347 368 1144 430">
     <span class='ocr_line' id='line_1_1' title="bbox 347 368 1144 430; baseline 0.005 -4"><span class='ocrx_word' id='word_1_1' title='bbox 347 379 519 428; x_wconf 67' lang='lat' dir='ltr'>curaris</span> <span class='ocrx_word' id='word_1_2' title='bbox 542 381 882 430; x_wconf 76' lang='lat' dir='ltr'>ancuosnxoruonn.</span> <span class='ocrx_word' id='word_1_3' title='bbox 1100 368 1144 430; x_wconf 76' lang='lat'>123</span> 
     </span>
    </p>
   </div>
   <div class='ocr_carea' id='block_1_2' title="bbox 90 538 1142 625">
    <p class='ocr_par' dir='ltr' id='par_1_2' title="bbox 90 538 1142 625">
     <span class='ocr_line' id='line_1_2' title="bbox 90 538 1142 625; baseline 0.007 -25"><span class='ocrx_word' id='word_1_4' title='bbox 90 538 259 601; x_wconf 91' lang='lat' dir='ltr'>miuomas</span> <span class='ocrx_word' id='word_1_5' title='bbox 277 546 443 603; x_wconf 87' lang='lat' dir='ltr'>tetrorum</span> <span class='ocrx_word' id='word_1_6' title='bbox 459 539 665 604; x_wconf 89' lang='lat' dir='ltr'>daemonum</span> <span class='ocrx_word' id='word_1_7' title='bbox 683 543 856 618; x_wconf 87' lang='lat' dir='ltr'>cateruas,</span> <span class='ocrx_word' id='word_1_8' title='bbox 872 542 937 604; x_wconf 90' lang='lat' dir='ltr'>nisi</span> <span class='ocrx_word' id='word_1_9' title='bbox 954 543 1050 625; x_wconf 93' lang='lat' dir='ltr'>prius</span> <span class='ocrx_word' id='word_1_10' title='bbox 1065 543 1142 607; x_wconf 91' lang='lat' dir='ltr'>irri-</span> 
     </span>
    </p>
   </div>
   <div class='ocr_carea' id='block_1_3' title="bbox 91 638 1141 803">
    <p class='ocr_par' dir='ltr' id='par_1_3' title="bbox 91 638 1141 803">
     <span class='ocr_line' id='line_1_3' title="bbox 91 638 1141 725; baseline 0.007 -25"><span class='ocrx_word' id='word_1_11' title='bbox 91 639 169 720; x_wconf 84' lang='lat' dir='ltr'>guis</span> <span class='ocrx_word' id='word_1_12' title='bbox 182 638 416 720; x_wconf 88' lang='lat' dir='ltr'>poeniteutiae</span> <span class='ocrx_word' id='word_1_13' title='bbox 430 639 614 721; x_wconf 83' lang='lat' dir='ltr'>gemitibus</span> <span class='ocrx_word' id='word_1_14' title='bbox 632 648 668 705; x_wconf 89' lang='lat' dir='ltr'>et</span> <span class='ocrx_word' id='word_1_15' title='bbox 678 661 766 725; x_wconf 88' lang='lat' dir='ltr'>pura</span> <span class='ocrx_word' id='word_1_16' title='bbox 778 641 1015 707; x_wconf 82' lang='lat' dir='ltr'><strong>satisfactione</strong></span> <span class='ocrx_word' id='word_1_17' title='bbox 1026 663 1141 708; x_wconf 88' lang='lat' dir='ltr'>ernen-</span> 
     </span>
     <span class='ocr_line' id='line_1_4' title="bbox 92 738 238 803; baseline 0.007 -2"><span class='ocrx_word' id='word_1_18' title='bbox 92 738 238 803; x_wconf 89' lang='lat' dir='ltr'>dauerit.</span> 
     </span>
    </p>
   </div>
   <div class='ocr_carea' id='block_1_4' title="bbox 460 1040 782 1269">
    <p class='ocr_par' dir='ltr' id='par_1_4' title="bbox 460 1040 782 1269">
     <span class='ocr_line' id='line_1_5' title="bbox 514 1040 729 1105; baseline 0.005 -1"><span class='ocrx_word' id='word_1_19' title='bbox 514 1040 729 1105; x_wconf 88' lang='lat' dir='ltr'>nxxxv.</span> 
     </span>
     <span class='ocr_line' id='line_1_6' title="bbox 460 1157 782 1269; baseline 0.003 -16"><span class='ocrx_word' id='word_1_20' title='bbox 460 1157 683 1269; x_wconf 65' lang='lat' dir='ltr'>uinaria,</span> <span class='ocrx_word' id='word_1_21' title='bbox 705 1191 782 1255; x_wconf 82' lang='lat'><strong>967.</strong></span> 
     </span>
    </p>
   </div>
   <div class='ocr_carea' id='block_1_5' title="bbox 94 1340 1154 4236">
    <p class='ocr_par' dir='ltr' id='par_1_5' title="bbox 94 1340 1154 4236">
     <span class='ocr_line' id='line_1_7' title="bbox 111 1340 1143 1423; baseline 0.002 -19"><span class='ocrx_word' id='word_1_22' title='bbox 111 1340 362 1423; x_wconf 67' lang='lat' dir='ltr'>»padomum</span> <span class='ocrx_word' id='word_1_23' title='bbox 375 1340 411 1402; x_wconf 94' lang='lat' dir='ltr'>in</span> <span class='ocrx_word' id='word_1_24' title='bbox 423 1347 627 1423; x_wconf 88' lang='lat' dir='ltr'>perpetuum</span> <span class='ocrx_word' id='word_1_25' title='bbox 639 1340 777 1404; x_wconf 91' lang='lat' dir='ltr'>domino</span> <span class='ocrx_word' id='word_1_26' title='bbox 787 1348 905 1405; x_wconf 91' lang='lat' dir='ltr'>nostro</span> <span class='ocrx_word' id='word_1_27' title='bbox 913 1341 1143 1406; x_wconf 88' lang='lat' dir='ltr'>IhesuChris-</span> 
     </span>
     <span class='ocr_line' id='line_1_8' title="bbox 94 1440 1143 1525; baseline 0.001 -20"><span class='ocrx_word' id='word_1_28' title='bbox 94 1449 140 1518; x_wconf 94' lang='lat' dir='ltr'>to,</span> <span class='ocrx_word' id='word_1_29' title='bbox 159 1442 219 1525; x_wconf 93' lang='lat' dir='ltr'>qui</span> <span class='ocrx_word' id='word_1_30' title='bbox 235 1448 361 1506; x_wconf 91' lang='lat' dir='ltr'>cuncta</span> <span class='ocrx_word' id='word_1_31' title='bbox 378 1441 488 1523; x_wconf 89' lang='lat' dir='ltr'>patris</span> <span class='ocrx_word' id='word_1_32' title='bbox 507 1441 651 1523; x_wconf 87' lang='lat' dir='ltr'>imperio</span> <span class='ocrx_word' id='word_1_33' title='bbox 667 1460 708 1506; x_wconf 91' lang='lat' dir='ltr'>ac</span> <span class='ocrx_word' id='word_1_34' title='bbox 723 1440 852 1523; x_wconf 88' lang='lat' dir='ltr'>pariter</span> <span class='ocrx_word' id='word_1_35' title='bbox 866 1442 978 1506; x_wconf 91' lang='lat' dir='ltr'>sancti</span> <span class='ocrx_word' id='word_1_36' title='bbox 1000 1443 1143 1525; x_wconf 88' lang='lat' dir='ltr'>spiritus</span> 
     </span>
     <span class='ocr_line' id='line_1_9' title="bbox 97 1541 1141 1624; baseline 0.003 -21"><span class='ocrx_word' id='word_1_37' title='bbox 97 1543 211 1623; x_wconf 84' lang='lat' dir='ltr'>gratia</span> <span class='ocrx_word' id='word_1_38' title='bbox 236 1542 436 1606; x_wconf 88' lang='lat' dir='ltr'>uiuifioante</span> <span class='ocrx_word' id='word_1_39' title='bbox 454 1541 624 1624; x_wconf 82' lang='lat' dir='ltr'>disponit!</span> <span class='ocrx_word' id='word_1_40' title='bbox 671 1541 727 1604; x_wconf 93' lang='lat' dir='ltr'>De</span> <span class='ocrx_word' id='word_1_41' title='bbox 748 1561 818 1624; x_wconf 91' lang='lat' dir='ltr'>qua</span> <span class='ocrx_word' id='word_1_42' title='bbox 834 1561 871 1604; x_wconf 88' lang='lat' dir='ltr'>re</span> <span class='ocrx_word' id='word_1_43' title='bbox 893 1561 1020 1624; x_wconf 89' lang='lat' dir='ltr'>magna</span> <span class='ocrx_word' id='word_1_44' title='bbox 1044 1545 1141 1607; x_wconf 90' lang='lat' dir='ltr'>nobis</span> 
     </span>
     <span class='ocr_line' id='line_1_10' title="bbox 98 1641 1139 1725; baseline 0.001 -21"><span class='ocrx_word' id='word_1_45' title='bbox 98 1662 238 1707; x_wconf 90' lang='lat' dir='ltr'>necesse</span> <span class='ocrx_word' id='word_1_46' title='bbox 250 1649 304 1706; x_wconf 88' lang='lat' dir='ltr'>est</span> <span class='ocrx_word' id='word_1_47' title='bbox 314 1662 376 1725; x_wconf 92' lang='lat' dir='ltr'>per</span> <span class='ocrx_word' id='word_1_48' title='bbox 389 1641 610 1706; x_wconf 84' lang='lat' dir='ltr'>elemosinam</span> <span class='ocrx_word' id='word_1_49' title='bbox 626 1641 790 1724; x_wconf 87' lang='lat' dir='ltr'>largitate</span> <span class='ocrx_word' id='word_1_50' title='bbox 805 1651 991 1725; x_wconf 89' lang='lat' dir='ltr'>praecepta</span> <span class='ocrx_word' id='word_1_51' title='bbox 1006 1643 1060 1706; x_wconf 89' lang='lat' dir='ltr'>dei</span> <span class='ocrx_word' id='word_1_52' title='bbox 1076 1645 1139 1706; x_wconf 93' lang='lat' dir='ltr'>im-</span> 
     </span>
     <span class='ocr_line' id='line_1_11' title="bbox 96 1742 1140 1824; baseline 0.003 -19"><span class='ocrx_word' id='word_1_53' title='bbox 96 1742 202 1824; x_wconf 88' lang='lat' dir='ltr'>plere,</span> <span class='ocrx_word' id='word_1_54' title='bbox 219 1743 309 1807; x_wconf 92' lang='lat' dir='ltr'>sicut</span> <span class='ocrx_word' id='word_1_55' title='bbox 325 1743 361 1805; x_wconf 90' lang='lat' dir='ltr'>in</span> <span class='ocrx_word' id='word_1_56' title='bbox 373 1742 485 1807; x_wconf 87' lang='lat' dir='ltr'>Tobia</span> <span class='ocrx_word' id='word_1_57' title='bbox 501 1742 630 1807; x_wconf 90' lang='lat' dir='ltr'>dictum</span> <span class='ocrx_word' id='word_1_58' title='bbox 648 1750 713 1819; x_wconf 89' lang='lat' dir='ltr'>est,</span> <span class='ocrx_word' id='word_1_59' title='bbox 729 1743 885 1823; x_wconf 86' lang='lat' dir='ltr'>‘Magna</span> <span class='ocrx_word' id='word_1_60' title='bbox 902 1743 1000 1807; x_wconf 92' lang='lat' dir='ltr'>nobis</span> <span class='ocrx_word' id='word_1_61' title='bbox 1015 1743 1140 1808; x_wconf 91' lang='lat' dir='ltr'>fiducia</span> 
     </span>
     <span class='ocr_line' id='line_1_12' title="bbox 97 1841 1140 1925; baseline 0.001 -19"><span class='ocrx_word' id='word_1_62' title='bbox 97 1850 150 1907; x_wconf 92' lang='lat' dir='ltr'>est</span> <span class='ocrx_word' id='word_1_63' title='bbox 160 1863 275 1908; x_wconf 88' lang='lat' dir='ltr'>coram</span> <span class='ocrx_word' id='word_1_64' title='bbox 289 1863 422 1907; x_wconf 91' lang='lat' dir='ltr'>summo</span> <span class='ocrx_word' id='word_1_65' title='bbox 434 1843 498 1908; x_wconf 91' lang='lat' dir='ltr'>deo</span> <span class='ocrx_word' id='word_1_66' title='bbox 508 1842 723 1907; x_wconf 88' lang='lat' dir='ltr'>elemosina:’</span> <span class='ocrx_word' id='word_1_67' title='bbox 741 1841 963 1925; x_wconf 84' lang='lat' dir='ltr'>Quapropter</span> <span class='ocrx_word' id='word_1_68' title='bbox 974 1843 1140 1925; x_wconf 89' lang='lat' dir='ltr'>egoEad-</span> 
     </span>
     <span class='ocr_line' id='line_1_13' title="bbox 97 1941 1142 2026; baseline 0.001 -20"><span class='ocrx_word' id='word_1_69' title='bbox 97 1963 172 2025; x_wconf 88' lang='lat' dir='ltr'>gar,</span> <span class='ocrx_word' id='word_1_70' title='bbox 196 1943 307 2009; x_wconf 88' lang='lat' dir='ltr'>tocius</span> <span class='ocrx_word' id='word_1_71' title='bbox 326 1941 485 2007; x_wconf 85' lang='lat' dir='ltr'>Albionis</span> <span class='ocrx_word' id='word_1_72' title='bbox 507 1944 670 2023; x_wconf 86' lang='lat' dir='ltr'>basileus,</span> <span class='ocrx_word' id='word_1_73' title='bbox 689 1943 797 2006; x_wconf 90' lang='lat' dir='ltr'>libens</span> <span class='ocrx_word' id='word_1_74' title='bbox 820 1943 1012 2026; x_wconf 90' lang='lat' dir='ltr'>perpetuali</span> <span class='ocrx_word' id='word_1_75' title='bbox 1029 1944 1142 2026; x_wconf 88' lang='lat' dir='ltr'>dapsi-</span> 
     </span>
     <span class='ocr_line' id='line_1_14' title="bbox 97 2043 1144 2127; baseline 0.001 -20"><span class='ocrx_word' id='word_1_76' title='bbox 97 2044 195 2108; x_wconf 90' lang='lat' dir='ltr'>litate</span> <span class='ocrx_word' id='word_1_77' title='bbox 217 2043 352 2107; x_wconf 91' lang='lat' dir='ltr'>cuidam</span> <span class='ocrx_word' id='word_1_78' title='bbox 376 2050 563 2121; x_wconf 88' lang='lat' dir='ltr'>matronae,</span> <span class='ocrx_word' id='word_1_79' title='bbox 585 2044 690 2107; x_wconf 93' lang='lat' dir='ltr'>nobili</span> <span class='ocrx_word' id='word_1_80' title='bbox 716 2043 959 2125; x_wconf 81' lang='lat' dir='ltr'>generositatis</span> <span class='ocrx_word' id='word_1_81' title='bbox 981 2045 1144 2127; x_wconf 88' lang='lat' dir='ltr'>prosapia</span> 
     </span>
     <span class='ocr_line' id='line_1_15' title="bbox 98 2143 1143 2228; baseline 0.001 -20"><span class='ocrx_word' id='word_1_82' title='bbox 98 2151 253 2223; x_wconf 83' lang='lat' dir='ltr'>exortae,</span> <span class='ocrx_word' id='word_1_83' title='bbox 265 2145 403 2208; x_wconf 90' lang='lat' dir='ltr'>nomine</span> <span class='ocrx_word' id='word_1_84' title='bbox 416 2143 602 2221; x_wconf 89' lang='lat' dir='ltr'>Winilaed,</span> <span class='ocrx_word' id='word_1_85' title='bbox 616 2151 694 2208; x_wconf 91' lang='lat' dir='ltr'>octo</span> <span class='ocrx_word' id='word_1_86' title='bbox 706 2163 845 2208; x_wconf 80' lang='lat' dir='ltr'>mansas</span> <span class='ocrx_word' id='word_1_87' title='bbox 857 2152 981 2220; x_wconf 91' lang='lat' dir='ltr'>terrae,</span> <span class='ocrx_word' id='word_1_88' title='bbox 994 2144 1071 2208; x_wconf 91' lang='lat' dir='ltr'>loco</span> <span class='ocrx_word' id='word_1_89' title='bbox 1083 2146 1143 2228; x_wconf 92' lang='lat' dir='ltr'>qui</span> 
     </span>
     <span class='ocr_line' id='line_1_16' title="bbox 98 2244 1143 2327; baseline 0.002 -19"><span class='ocrx_word' id='word_1_90' title='bbox 98 2245 235 2327; x_wconf 88' lang='lat' dir='ltr'>uulgari</span> <span class='ocrx_word' id='word_1_91' title='bbox 258 2244 528 2327; x_wconf 84' lang='lat' dir='ltr'>adstipulatione</span> <span class='ocrx_word' id='word_1_92' title='bbox 550 2251 771 2326; x_wconf 90' lang='lat' dir='ltr'>nuncupatur</span> <span class='ocrx_word' id='word_1_93' title='bbox 793 2250 839 2307; x_wconf 88' lang='lat' dir='ltr'>aet</span> <span class='ocrx_word' id='word_1_94' title='bbox 862 2245 998 2321; x_wconf 91' lang='lat' dir='ltr'>Meone,</span> <span class='ocrx_word' id='word_1_95' title='bbox 1023 2244 1090 2309; x_wconf 91' lang='lat' dir='ltr'>and</span> <span class='ocrx_word' id='word_1_96' title='bbox 1109 2247 1143 2310; x_wconf 80' lang='lat' dir='ltr'>t6</span> 
     </span>
     <span class='ocr_line' id='line_1_17' title="bbox 102 2344 1143 2427; baseline 0.002 -20"><span class='ocrx_word' id='word_1_97' title='bbox 102 2345 320 2423; x_wconf 86' lang='lat' dir='ltr'>Fearnfelda,</span> <span class='ocrx_word' id='word_1_98' title='bbox 337 2344 514 2424; x_wconf 83' lang='lat' dir='ltr'>cond0n03</span> <span class='ocrx_word' id='word_1_99' title='bbox 538 2352 577 2409; x_wconf 90' lang='lat' dir='ltr'>ut</span> <span class='ocrx_word' id='word_1_100' title='bbox 594 2344 721 2409; x_wconf 92' lang='lat' dir='ltr'>babeat</span> <span class='ocrx_word' id='word_1_101' title='bbox 734 2352 770 2408; x_wconf 90' lang='lat' dir='ltr'>et</span> <span class='ocrx_word' id='word_1_102' title='bbox 784 2344 961 2427; x_wconf 87' lang='lat' dir='ltr'>possideat</span> <span class='ocrx_word' id='word_1_103' title='bbox 975 2365 1053 2409; x_wconf 92' lang='lat' dir='ltr'>cum</span> <span class='ocrx_word' id='word_1_104' title='bbox 1070 2366 1143 2411; x_wconf 94' lang='lat' dir='ltr'>om-</span> 
     </span>
     <span class='ocr_line' id='line_1_18' title="bbox 99 2445 1143 2529; baseline 0.002 -21"><span class='ocrx_word' id='word_1_105' title='bbox 99 2446 200 2510; x_wconf 91' lang='lat' dir='ltr'>nibus</span> <span class='ocrx_word' id='word_1_106' title='bbox 209 2445 427 2523; x_wconf 91' lang='lat' dir='ltr'>utensilibus,</span> <span class='ocrx_word' id='word_1_107' title='bbox 439 2446 548 2529; x_wconf 90' lang='lat' dir='ltr'>pratis</span> <span class='ocrx_word' id='word_1_108' title='bbox 559 2445 732 2522; x_wconf 90' lang='lat' dir='ltr'>uidelicet,</span> <span class='ocrx_word' id='word_1_109' title='bbox 745 2446 896 2528; x_wconf 92' lang='lat' dir='ltr'>pascuis,</span> <span class='ocrx_word' id='word_1_110' title='bbox 907 2446 1016 2522; x_wconf 92' lang='lat' dir='ltr'>siluis,</span> <span class='ocrx_word' id='word_1_111' title='bbox 1027 2447 1143 2528; x_wconf 81' lang='lat' dir='ltr'>aquis3</span> 
     </span>
     <span class='ocr_line' id='line_1_19' title="bbox 99 2546 1146 2630; baseline 0 -19"><span class='ocrx_word' id='word_1_112' title='bbox 99 2554 136 2611; x_wconf 90' lang='lat' dir='ltr'>et</span> <span class='ocrx_word' id='word_1_113' title='bbox 160 2554 242 2630; x_wconf 92' lang='lat' dir='ltr'>post</span> <span class='ocrx_word' id='word_1_114' title='bbox 265 2547 359 2611; x_wconf 89' lang='lat' dir='ltr'>uitae</span> <span class='ocrx_word' id='word_1_115' title='bbox 384 2565 469 2610; x_wconf 87' lang='lat' dir='ltr'>snae</span> <span class='ocrx_word' id='word_1_116' title='bbox 494 2547 676 2610; x_wconf 88' lang='lat' dir='ltr'>terminum</span> <span class='ocrx_word' id='word_1_117' title='bbox 700 2547 970 2629; x_wconf 91' lang='lat' dir='ltr'>quibuscumque</span> <span class='ocrx_word' id='word_1_118' title='bbox 996 2546 1146 2612; x_wconf 88' lang='lat' dir='ltr'>uoluerit</span> 
     </span>
     <span class='ocr_line' id='line_1_20' title="bbox 100 2647 1146 2730; baseline 0.001 -20"><span class='ocrx_word' id='word_1_119' title='bbox 100 2647 304 2712; x_wconf 90' lang='lat' dir='ltr'>cleronomis</span> <span class='ocrx_word' id='word_1_120' title='bbox 340 2649 376 2711; x_wconf 92' lang='lat' dir='ltr'>in</span> <span class='ocrx_word' id='word_1_121' title='bbox 413 2653 588 2712; x_wconf 88' lang='lat' dir='ltr'>aeternam</span> <span class='ocrx_word' id='word_1_122' title='bbox 621 2647 868 2711; x_wconf 85' lang='lat' dir='ltr'>haereditatem</span> <span class='ocrx_word' id='word_1_123' title='bbox 900 2647 1146 2730; x_wconf 87' lang='lat' dir='ltr'>perpetualiter</span> 
     </span>
     <span class='ocr_line' id='line_1_21' title="bbox 99 2747 1145 2830; baseline 0 -18"><span class='ocrx_word' id='word_1_124' title='bbox 99 2748 340 2830; x_wconf 88' lang='lat' dir='ltr'>possidendam</span> <span class='ocrx_word' id='word_1_125' title='bbox 362 2747 589 2830; x_wconf 88' lang='lat' dir='ltr'>derelinquat.</span> <span class='ocrx_word' id='word_1_126' title='bbox 641 2747 695 2812; x_wconf 89' lang='lat' dir='ltr'>Sit</span> <span class='ocrx_word' id='word_1_127' title='bbox 717 2755 832 2811; x_wconf 89' lang='lat' dir='ltr'>autem</span> <span class='ocrx_word' id='word_1_128' title='bbox 852 2748 1064 2830; x_wconf 88' lang='lat' dir='ltr'>praedictum</span> <span class='ocrx_word' id='word_1_129' title='bbox 1087 2768 1145 2812; x_wconf 91' lang='lat' dir='ltr'>rus</span> 
     </span>
     <span class='ocr_line' id='line_1_22' title="bbox 100 2847 1143 2931; baseline 0.001 -20"><span class='ocrx_word' id='word_1_130' title='bbox 100 2848 194 2912; x_wconf 92' lang='lat' dir='ltr'>omni</span> <span class='ocrx_word' id='word_1_131' title='bbox 213 2856 368 2912; x_wconf 86' lang='lat' dir='ltr'>terrenae</span> <span class='ocrx_word' id='word_1_132' title='bbox 384 2848 563 2911; x_wconf 89' lang='lat' dir='ltr'>seruitutis</span> <span class='ocrx_word' id='word_1_133' title='bbox 578 2847 661 2929; x_wconf 87' lang='lat' dir='ltr'>iugo</span> <span class='ocrx_word' id='word_1_134' title='bbox 676 2847 832 2924; x_wconf 90' lang='lat' dir='ltr'>liberum,</span> <span class='ocrx_word' id='word_1_135' title='bbox 849 2847 959 2911; x_wconf 88' lang='lat' dir='ltr'>tribus</span> <span class='ocrx_word' id='word_1_136' title='bbox 976 2849 1143 2931; x_wconf 87' lang='lat' dir='ltr'>exceptis,</span> 
     </span>
     <span class='ocr_line' id='line_1_23' title="bbox 100 2947 1144 3031; baseline 0.003 -20"><span class='ocrx_word' id='word_1_137' title='bbox 100 2956 177 3013; x_wconf 88' lang='lat' dir='ltr'>rata</span> <span class='ocrx_word' id='word_1_138' title='bbox 205 2948 365 3013; x_wconf 88' lang='lat' dir='ltr'>uidelicet</span> <span class='ocrx_word' id='word_1_139' title='bbox 396 2948 627 3031; x_wconf 89' lang='lat' dir='ltr'>expeditione,</span> <span class='ocrx_word' id='word_1_140' title='bbox 656 2948 784 3030; x_wconf 78' lang='lat' dir='ltr'>pontia,</span> <span class='ocrx_word' id='word_1_141' title='bbox 811 2947 945 3012; x_wconf 89' lang='lat' dir='ltr'>arcisue</span> <span class='ocrx_word' id='word_1_142' title='bbox 970 2956 1144 3015; x_wconf 88' lang='lat' dir='ltr'>restaura-</span> 
     </span>
     <span class='ocr_line' id='line_1_24' title="bbox 101 3047 1143 3132; baseline 0 -19"><span class='ocrx_word' id='word_1_143' title='bbox 101 3049 206 3113; x_wconf 90' lang='lat' dir='ltr'>tione.</span> <span class='ocrx_word' id='word_1_144' title='bbox 257 3048 295 3113; x_wconf 92' lang='lat' dir='ltr'>Si</span> <span class='ocrx_word' id='word_1_145' title='bbox 323 3050 401 3132; x_wconf 87' lang='lat' dir='ltr'>quis</span> <span class='ocrx_word' id='word_1_146' title='bbox 429 3049 536 3131; x_wconf 88' lang='lat' dir='ltr'>igitur</span> <span class='ocrx_word' id='word_1_147' title='bbox 563 3049 651 3113; x_wconf 91' lang='lat' dir='ltr'>hanc</span> <span class='ocrx_word' id='word_1_148' title='bbox 684 3054 836 3112; x_wconf 91' lang='lat' dir='ltr'>nostram</span> <span class='ocrx_word' id='word_1_149' title='bbox 861 3047 1080 3113; x_wconf 89' lang='lat' dir='ltr'>donationem</span> <span class='ocrx_word' id='word_1_150' title='bbox 1108 3051 1143 3113; x_wconf 90' lang='lat' dir='ltr'>in</span> 
     </span>
     <span class='ocr_line' id='line_1_25' title="bbox 100 3147 1145 3233; baseline 0 -20"><span class='ocrx_word' id='word_1_151' title='bbox 100 3150 194 3213; x_wconf 88' lang='lat' dir='ltr'>aliud</span> <span class='ocrx_word' id='word_1_152' title='bbox 212 3168 317 3233; x_wconf 89' lang='lat' dir='ltr'>quam</span> <span class='ocrx_word' id='word_1_153' title='bbox 337 3149 578 3213; x_wconf 87' lang='lat' dir='ltr'>constituimus</span> <span class='ocrx_word' id='word_1_154' title='bbox 601 3147 786 3212; x_wconf 88' lang='lat' dir='ltr'>transferre</span> <span class='ocrx_word' id='word_1_155' title='bbox 808 3148 969 3226; x_wconf 91' lang='lat' dir='ltr'>uoluerit,</span> <span class='ocrx_word' id='word_1_156' title='bbox 987 3149 1145 3231; x_wconf 91' lang='lat' dir='ltr'>priuatus</span> 
     </span>
     <span class='ocr_line' id='line_1_26' title="bbox 101 3248 1143 3323; baseline -0.001 -9"><span class='ocrx_word' id='word_1_157' title='bbox 101 3251 275 3322; x_wconf 87' lang='lat' dir='ltr'>consortio</span> <span class='ocrx_word' id='word_1_158' title='bbox 293 3257 435 3313; x_wconf 90' lang='lat' dir='ltr'>sanctae</span> <span class='ocrx_word' id='word_1_159' title='bbox 457 3250 512 3312; x_wconf 90' lang='lat' dir='ltr'>dei</span> <span class='ocrx_word' id='word_1_160' title='bbox 533 3248 720 3314; x_wconf 88' lang='lat' dir='ltr'>aecclesiae</span> <span class='ocrx_word' id='word_1_161' title='bbox 744 3249 892 3323; x_wconf 81' lang='lat' dir='ltr'>aeternis</span> <span class='ocrx_word' id='word_1_162' title='bbox 916 3249 1068 3313; x_wconf 88' lang='lat' dir='ltr'>barathri</span> <span class='ocrx_word' id='word_1_163' title='bbox 1091 3250 1143 3313; x_wconf 93' lang='lat' dir='ltr'>in-</span> 
     </span>
     <span class='ocr_line' id='line_1_27' title="bbox 101 3348 1145 3432; baseline 0.001 -18"><span class='ocrx_word' id='word_1_164' title='bbox 101 3350 232 3414; x_wconf 92' lang='lat' dir='ltr'>cendiis</span> <span class='ocrx_word' id='word_1_165' title='bbox 256 3349 414 3431; x_wconf 87' lang='lat' dir='ltr'>lugubris</span> <span class='ocrx_word' id='word_1_166' title='bbox 444 3350 572 3431; x_wconf 89' lang='lat' dir='ltr'>iugiter</span> <span class='ocrx_word' id='word_1_167' title='bbox 599 3369 675 3413; x_wconf 91' lang='lat' dir='ltr'>cum</span> <span class='ocrx_word' id='word_1_168' title='bbox 701 3348 790 3413; x_wconf 91' lang='lat' dir='ltr'>luda</span> <span class='ocrx_word' id='word_1_169' title='bbox 813 3348 942 3413; x_wconf 87' lang='lat' dir='ltr'>Christi</span> <span class='ocrx_word' id='word_1_170' title='bbox 971 3350 1145 3432; x_wconf 91' lang='lat' dir='ltr'>proditore</span> 
     </span>
     <span class='ocr_line' id='line_1_28' title="bbox 101 3448 1146 3533; baseline 0.002 -19"><span class='ocrx_word' id='word_1_171' title='bbox 101 3452 243 3533; x_wconf 90' lang='lat' dir='ltr'>eiusque</span> <span class='ocrx_word' id='word_1_172' title='bbox 278 3450 501 3532; x_wconf 90' lang='lat' dir='ltr'>complicibus</span> <span class='ocrx_word' id='word_1_173' title='bbox 532 3450 707 3533; x_wconf 88' lang='lat' dir='ltr'>puniatur,</span> <span class='ocrx_word' id='word_1_174' title='bbox 741 3450 771 3512; x_wconf 92' lang='lat' dir='ltr'>si</span> <span class='ocrx_word' id='word_1_175' title='bbox 809 3469 878 3513; x_wconf 93' lang='lat' dir='ltr'>non</span> <span class='ocrx_word' id='word_1_176' title='bbox 910 3448 1146 3516; x_wconf 88' lang='lat' dir='ltr'>satisfactione</span> 
     </span>
     <span class='ocr_line' id='line_1_29' title="bbox 100 3550 1146 3634; baseline 0.002 -20"><span class='ocrx_word' id='word_1_177' title='bbox 100 3551 336 3615; x_wconf 90' lang='lat' dir='ltr'>emendauerit</span> <span class='ocrx_word' id='word_1_178' title='bbox 366 3568 520 3632; x_wconf 88' lang='lat' dir='ltr'>congrua</span> <span class='ocrx_word' id='word_1_179' title='bbox 549 3550 641 3633; x_wconf 93' lang='lat' dir='ltr'>quod</span> <span class='ocrx_word' id='word_1_180' title='bbox 671 3550 792 3614; x_wconf 81' lang='lat' dir='ltr'>&#39;contra</span> <span class='ocrx_word' id='word_1_181' title='bbox 822 3556 974 3614; x_wconf 89' lang='lat' dir='ltr'>nostrum</span> <span class='ocrx_word' id='word_1_182' title='bbox 1002 3550 1146 3634; x_wconf 91' lang='lat' dir='ltr'>deliquit</span> 
     </span>
     <span class='ocr_line' id='line_1_30' title="bbox 101 3648 1147 3732; baseline 0.001 -17"><span class='ocrx_word' id='word_1_183' title='bbox 101 3650 287 3715; x_wconf 88' lang='lat' dir='ltr'>decretum.</span> <span class='ocrx_word' id='word_1_184' title='bbox 321 3649 391 3713; x_wconf 92' lang='lat' dir='ltr'>His</span> <span class='ocrx_word' id='word_1_185' title='bbox 406 3651 506 3714; x_wconf 90' lang='lat' dir='ltr'>metis</span> <span class='ocrx_word' id='word_1_186' title='bbox 517 3649 710 3732; x_wconf 89' lang='lat' dir='ltr'>praefatum</span> <span class='ocrx_word' id='word_1_187' title='bbox 726 3668 784 3712; x_wconf 94' lang='lat' dir='ltr'>rus</span> <span class='ocrx_word' id='word_1_188' title='bbox 801 3648 975 3714; x_wconf 88' lang='lat' dir='ltr'>hincinde</span> <span class='ocrx_word' id='word_1_189' title='bbox 990 3659 1147 3732; x_wconf 83' lang='lat' dir='ltr'>gyratur.</span> 
     </span>
     <span class='ocr_line' id='line_1_31' title="bbox 103 3747 1147 3834; baseline 0.001 -20"><span class='ocrx_word' id='word_1_190' title='bbox 103 3751 165 3814; x_wconf 82' lang='lat' dir='ltr'>Dis</span> <span class='ocrx_word' id='word_1_191' title='bbox 188 3756 270 3834; x_wconf 88' lang='lat' dir='ltr'>synt</span> <span class='ocrx_word' id='word_1_192' title='bbox 285 3747 328 3815; x_wconf 78' lang='lat' dir='ltr'>lla</span> <span class='ocrx_word' id='word_1_193' title='bbox 347 3750 577 3833; x_wconf 69' lang='lat' dir='ltr'>landgemffera</span> <span class='ocrx_word' id='word_1_194' title='bbox 593 3751 628 3814; x_wconf 72' lang='lat' dir='ltr'>to</span> <span class='ocrx_word' id='word_1_195' title='bbox 643 3749 770 3815; x_wconf 87' lang='lat' dir='ltr'>Mcone</span> <span class='ocrx_word' id='word_1_196' title='bbox 788 3751 855 3814; x_wconf 88' lang='lat' dir='ltr'>and</span> <span class='ocrx_word' id='word_1_197' title='bbox 871 3750 906 3814; x_wconf 75' lang='lat' dir='ltr'>to</span> <span class='ocrx_word' id='word_1_198' title='bbox 930 3750 1147 3830; x_wconf 88' lang='lat' dir='ltr'>Fearnfelda,</span> 
     </span>
     <span class='ocr_line' id='line_1_32' title="bbox 102 3848 1146 3916; baseline 0.001 -1"><span class='ocrx_word' id='word_1_199' title='bbox 102 3851 184 3916; x_wconf 71' lang='lat' dir='ltr'>dira</span> <span class='ocrx_word' id='word_1_200' title='bbox 214 3850 318 3915; x_wconf 89' lang='lat' dir='ltr'>eahta</span> <span class='ocrx_word' id='word_1_201' title='bbox 348 3850 456 3915; x_wconf 88' lang='lat' dir='ltr'>hida:</span> <span class='ocrx_word' id='word_1_202' title='bbox 496 3850 596 3915; x_wconf 70' lang='lat' dir='ltr'>airest</span> <span class='ocrx_word' id='word_1_203' title='bbox 627 3848 694 3913; x_wconf 71' lang='lat' dir='ltr'>bair</span> <span class='ocrx_word' id='word_1_204' title='bbox 726 3850 957 3915; x_wconf 89' lang='lat' dir='ltr'>Seolesburna</span> <span class='ocrx_word' id='word_1_205' title='bbox 988 3850 1072 3915; x_wconf 90' lang='lat' dir='ltr'>sliht</span> <span class='ocrx_word' id='word_1_206' title='bbox 1101 3873 1146 3916; x_wconf 93' lang='lat' dir='ltr'>on</span> 
     </span>
     <span class='ocr_line' id='line_1_33' title="bbox 103 3949 1153 4034; baseline -0.001 -18"><span class='ocrx_word' id='word_1_207' title='bbox 103 3951 250 4032; x_wconf 90' lang='lat' dir='ltr'>Meone;</span> <span class='ocrx_word' id='word_1_208' title='bbox 269 3951 310 4016; x_wconf 89' lang='lat' dir='ltr'>of</span> <span class='ocrx_word' id='word_1_209' title='bbox 322 3952 448 4016; x_wconf 90' lang='lat' dir='ltr'>Meone</span> <span class='ocrx_word' id='word_1_210' title='bbox 464 3951 617 4034; x_wconf 88' lang='lat' dir='ltr'>andlang</span> <span class='ocrx_word' id='word_1_211' title='bbox 631 3949 815 4034; x_wconf 75' lang='lat' dir='ltr'>herepabes</span> <span class='ocrx_word' id='word_1_212' title='bbox 827 3971 872 4015; x_wconf 91' lang='lat' dir='ltr'>on</span> <span class='ocrx_word' id='word_1_213' title='bbox 883 3950 1008 4015; x_wconf 92' lang='lat' dir='ltr'>Wores</span> <span class='ocrx_word' id='word_1_214' title='bbox 1019 3952 1091 4029; x_wconf 92' lang='lat' dir='ltr'>sol;</span> <span class='ocrx_word' id='word_1_215' title='bbox 1112 3951 1153 4017; x_wconf 85' lang='lat' dir='ltr'>of</span> 
     </span>
     <span class='ocr_line' id='line_1_34' title="bbox 101 4051 1145 4138; baseline -0.004 -20"><span class='ocrx_word' id='word_1_216' title='bbox 101 4054 227 4118; x_wconf 90' lang='lat' dir='ltr'>Wores</span> <span class='ocrx_word' id='word_1_217' title='bbox 256 4052 329 4117; x_wconf 90' lang='lat' dir='ltr'>sole</span> <span class='ocrx_word' id='word_1_218' title='bbox 354 4072 399 4116; x_wconf 91' lang='lat' dir='ltr'>ou</span> <span class='ocrx_word' id='word_1_219' title='bbox 421 4072 574 4117; x_wconf 87' lang='lat' dir='ltr'>weawan</span> <span class='ocrx_word' id='word_1_220' title='bbox 595 4057 700 4138; x_wconf 74' lang='lat' dir='ltr'>porn3</span> <span class='ocrx_word' id='word_1_221' title='bbox 732 4051 773 4115; x_wconf 86' lang='lat' dir='ltr'>of</span> <span class='ocrx_word' id='word_1_222' title='bbox 794 4070 946 4116; x_wconf 86' lang='lat' dir='ltr'>weawan</span> <span class='ocrx_word' id='word_1_223' title='bbox 974 4055 1076 4137; x_wconf 72' lang='lat' dir='ltr'>borne</span> <span class='ocrx_word' id='word_1_224' title='bbox 1100 4072 1145 4116; x_wconf 93' lang='lat' dir='ltr'>on</span> 
     </span>
     <span class='ocr_line' id='line_1_35' title="bbox 102 4151 1154 4236; baseline -0.001 -18"><span class='ocrx_word' id='word_1_225' title='bbox 102 4161 199 4218; x_wconf 85' lang='lat' dir='ltr'>erute</span> <span class='ocrx_word' id='word_1_226' title='bbox 212 4153 432 4234; x_wconf 67' lang='lat' dir='ltr'>braceleage3</span> <span class='ocrx_word' id='word_1_227' title='bbox 457 4152 498 4217; x_wconf 85' lang='lat' dir='ltr'>of</span> <span class='ocrx_word' id='word_1_228' title='bbox 508 4151 595 4218; x_wconf 65' lang='lat' dir='ltr'>baare</span> <span class='ocrx_word' id='word_1_229' title='bbox 609 4154 706 4235; x_wconf 69' lang='lat' dir='ltr'>leage</span> <span class='ocrx_word' id='word_1_230' title='bbox 722 4173 767 4217; x_wconf 92' lang='lat' dir='ltr'>on</span> <span class='ocrx_word' id='word_1_231' title='bbox 780 4152 940 4236; x_wconf 85' lang='lat' dir='ltr'>Scyteres</span> <span class='ocrx_word' id='word_1_232' title='bbox 956 4151 1089 4232; x_wconf 74' lang='lat' dir='ltr'>flodan3</span> <span class='ocrx_word' id='word_1_233' title='bbox 1113 4153 1154 4217; x_wconf 89' lang='lat' dir='ltr'>of</span> 
     </span>
    </p>
   </div>
   <div class='ocr_carea' id='block_1_6' title="bbox 0 0 1446 4890">
    <p class='ocr_par' dir='ltr' id='par_1_6' title="bbox 0 0 1446 4890">
     <span class='ocr_line' id='line_1_36' title="bbox 0 0 1446 4890; baseline 0 0"><span class='ocrx_word' id='word_1_234' title='bbox 0 0 1446 4890; x_wconf 95' lang='lat' dir='ltr'> </span> 
     </span>
    </p>
   </div>
  </div>
 </body>
</html>
