2858 4890
179 367 244 430 340
444 382 615 431 cunnrrn
639 381 982 430 Anonosrxomcrn.

183 546 321 604 constat
336 539 496 619 effectus3
521 539 697 615 uoluntas,
710 537 854 614 scilicet,
866 543 902 600 et
911 541 1080 619 potestas,
1092 528 1240 618 quorum

184 641 214 703 si
230 640 375 704 alterum
394 639 495 717 desit,
516 639 600 702 nihil
622 637 785 720 estquod
811 636 986 718 explicare
1009 635 1087 716 quis
1110 643 1238 716 queat3

186 740 368 803 uoluntate
382 747 498 803 autem
515 738 706 814 deficiente,
723 756 766 800 ne
777 735 978 818 aggreditur
991 734 1130 817 quidem
1147 736 1242 817 quis-

186 858 253 921 que
284 838 376 921 quod
403 858 473 902 non
498 839 601 917 uult;
633 857 674 900 ac
703 837 733 900 si
761 842 916 917 potestas
945 835 1046 910 desit,
1076 833 1241 897 uoluntas

186 938 325 1001 omnino
346 957 484 1001 necesse
510 945 564 1001 est
585 944 625 1000 ut
648 937 778 1000 frustra
804 935 860 998 sit.
912 934 980 998 Sed
1010 934 1092 997 boni
1114 934 1243 1016 quique

189 1044 282 1100 recta
319 1037 500 1100 uoluntate
540 1043 574 1101 et
612 1037 745 1119 optima
786 1040 960 1116 potestate
1004 1033 1245 1116 adipiscuntur

188 1137 314 1199 bonum
337 1137 427 1218 quod
453 1136 680 1219 adappetunt,
707 1135 789 1217 quia
816 1154 878 1216 per
902 1133 1108 1217 temporalia
1140 1132 1243 1196 huius

189 1235 428 1300 euanescentis
455 1236 550 1300 uitae
577 1236 717 1317 negotia
743 1241 884 1298 aeterna
909 1234 975 1297 sibi
1006 1233 1114 1296 futuri
1148 1232 1243 1296 calce

188 1335 337 1398 carentis
354 1335 484 1399 saeculi
501 1335 653 1418 praemia
674 1342 872 1398 mercantur
887 1333 961 1396 sine
979 1332 1046 1396 fine
1066 1351 1240 1396 mansura.

187 1432 410 1517 Quapropter
436 1455 501 1516 ego
522 1433 737 1511 AEdelreduS,
765 1432 947 1516 multiplici
977 1432 1033 1496 dei
1058 1433 1243 1496 clementia

186 1534 399 1614 indulgente,
419 1533 735 1616 Angul-Saxonum
759 1531 955 1597 antedictus
981 1552 1056 1609 rex,
1083 1537 1239 1597 caetera·

185 1653 330 1716 rumque
362 1633 517 1715 gentium
543 1635 646 1716 longe
671 1634 810 1716 lateque
846 1653 908 1716 per
931 1631 1112 1696 circuitum
1147 1633 1243 1696 adia·

186 1737 336 1797 centium
356 1735 568 1814 gubernator
595 1741 631 1798 et
658 1740 783 1810 rector,
800 1732 885 1796 mihi
912 1732 1054 1796 insitum
1077 1732 1180 1796 uideo
1207 1740 1243 1796 et

189 1833 279 1896 uelle
295 1841 330 1896 et
349 1852 463 1915 posse,
485 1839 521 1897 et
534 1833 612 1897 ideo
626 1833 810 1897 memoriae
826 1830 1069 1916 praesentium,
1086 1837 1123 1897 et
1138 1832 1242 1895 etiam

189 1931 380 1996 futurorum
408 1933 624 2015 sequentium
658 1939 736 2015 post
758 1952 822 1997 nos
851 1932 1032 1995 ueracibus
1064 1931 1242 1995 literarum

187 2031 344 2114 apicibus
366 2033 540 2097 insinuare
564 2033 695 2108 curaui,
712 2032 804 2114 quod
821 2029 1018 2095 AEdclmaro
1041 2031 1118 2095 uiro
1142 2032 1244 2096 ualde

187 2132 385 2196 fidelissimo
412 2132 497 2196 mihi
521 2152 659 2215 quoque
686 2131 910 2196 dilectissimo
936 2130 1156 2213 impetrante,
1174 2133 1243 2196 ‚ab-

188 2232 437 2296 solutissimum
447 2232 842 2315 libertatispriuilegium
852 2231 1243 2296 constituomonasterio

189 2331 263 2396 eius
285 2333 321 2394 in
345 2332 475 2396 honore
501 2333 614 2396 sancti
635 2333 833 2408 saluatoris,
859 2331 1080 2413 omniumque
1102 2338 1242 2395 sancto·

188 2451 265 2494 rum
290 2451 430 2495 suorum
452 2433 526 2496 iure
548 2432 705 2496 dedicato
727 2433 764 2494 in
786 2431 863 2495 loco
880 2431 1006 2495 celebri
1017 2419 1123 2494 'iuxta
1141 2430 1242 2494 fluui-

187 2550 246 2593 um
278 2533 336 2612 qui
369 2540 516 2595 uocatur
536 2531 656 2594 Tamis
685 2531 888 2608 constituto,
915 2530 1008 2614 quod
1041 2531 1085 2593 ab
1118 2530 1241 2594 incolis

188 2631 340 2710 regionis
359 2630 452 2694 illius
470 2631 668 2712 Egnesbam
688 2639 909 2714 nuncupatur
928 2629 1100 2695 uocabulo
1117 2651 1126 2709 ;
1151 2631 1242 2712 quod

189 2730 326 2811 quidem
338 2733 584 2795 monasterium
598 2732 818 2796 AEtlelmarus
830 2733 874 2795 ab
884 2729 1101 2795 AEbelweard
1114 2751 1242 2812 genero

189 2850 253 2893 suo
280 2832 470 2895 mutuando
500 2831 645 2914 accepit,
680 2839 715 2896 et
748 2852 810 2914 pro
841 2831 910 2894 illis
942 2832 1087 2912 triginta
1115 2831 1242 2893 mansi-

188 2931 324 2995 unculis
352 2931 446 2994 dedit
473 2931 618 3011 triginta
651 2950 714 2994 sex
743 2932 940 2995 mansiones
973 2932 1083 2995 tribus
1112 2930 1241 2994 diuisas

188 3031 224 3093 in
238 3031 335 3108 lociS,
352 3038 434 3108 tres
451 3031 623 3108 uidelicet,
641 3032 675 3094 in
696 3031 855 3114 Upoteri‚
873 3039 908 3095 et
924 3032 1040 3096 decem
1055 3031 1090 3093 in
1108 3029 1241 3094 Litlan·

67 3164 69 3172 s
190 3130 362 3194 Cumtune
391 3132 426 3193 in
461 3131 650 3213 Lellincge,
684 3138 719 3195 et
755 3132 936 3196 tresdecim
970 3131 1007 3194 in
1038 3130 1240 3194 Scildforda.

190 3230 295 3293 Uitae
310 3231 418 3312 igitur
433 3231 602 3312 regularis
616 3231 804 3295 monachos
822 3232 907 3295 inibi
923 3231 1151 3307 constituens,
1169 3232 1241 3313 ipse

188 3330 298 3410 patris
317 3331 393 3394 uice
418 3330 565 3412 fungens
587 3332 778 3414 uiuensque
806 3331 1032 3396 communiter
1060 3331 1155 3393 inter
1183 3351 1240 3394 eos

189 3431 349 3492 abbatem
372 3439 512 3494 sanctae
530 3431 775 3495 monachorum
798 3430 1059 3514 congregationi
1079 3431 1241 3514 preferre,

188 3547 226 3591 se
243 3530 394 3605 uiuente,
411 3531 573 3607 instituit,
594 3539 634 3595 ut
655 3533 706 3595 ita
725 3531 886 3615 deinceps
906 3539 986 3614 post
1006 3532 1119 3614 ipsum
1141 3551 1241 3614 quem

188 3630 370 3693 constituit
402 3632 574 3707 abbatem,
611 3633 774 3696 abbatum
804 3632 926 3696 electio
963 3630 1151 3695 secundum
1188 3652 1240 3695 re-

190 3728 293 3808 gulae
309 3737 544 3812 praeceptum,
561 3752 606 3794 ex
624 3732 742 3795 eadem
759 3732 1028 3813 congregatione
1045 3750 1109 3793 usu
1128 3738 1243 3795 teneat

189 3839 356 3910 perpetuo
370 3849 378 3907 ;
407 3829 441 3892 id
462 3838 525 3904 est,
543 3839 583 3895 ut
598 3852 641 3894 ex
657 3833 775 3896 eadem
790 3832 1057 3914 congregatione
1073 3831 1135 3914 qui
1153 3833 1242 3896 ordi·

188 3929 323 3991 naudus
347 3935 412 4005 est,
433 3937 469 3994 et
493 3930 630 3994 aliunde
654 3952 873 4016 nequaquam
899 3933 966 3996 nisi
988 3931 1142 4015 peccatis
1164 3953 1241 4014 pro·

188 4030 398 4092 merentibus
421 4031 477 4093 uel
499 4032 705 4114 impediente
730 4033 913 4116 imperitia,
937 4033 1017 4096 talis
1034 4030 1095 4114 qui
1118 4031 1242 4114 dignus

189 4129 234 4192 sit
262 4130 298 4193 in
324 4149 365 4193 ea
392 4130 534 4213 reperiri
564 4133 770 4214 nequiuerit,
792 4154 869 4199 cum
898 4134 989 4216 regis
1012 4131 1158 4213 consilio
1182 4133 1240 4197 cli-.
