2858 4890
190 370 235 435 22
441 386 616 435 eninm
640 387 982 440 iuonosaxouronn.

192 563 256 626 gar
266 545 443 628 presbiter.
500 548 540 628 ›1‹
557 544 676 609 Elfred
685 546 841 611 clericus.
898 549 938 629 ›1‹
955 546 1138 613 AEaelstan
1151 568 1253 633 pres·

192 645 292 710 biter.
360 649 399 729 ›1‹
416 645 604 710 Wulfwine
639 646 796 712 clericus.
865 651 904 731 ›1‹
919 648 1059 732 AElsgar
1085 650 1250 715 clericus.

196 748 236 828 ›1‹
252 746 446 811 Wulfheah
463 746 619 812 clericus.
676 750 716 830 ›1‹
732 747 835 811 Tuna
857 748 1015 815 clericus.
1072 754 1112 834 ›1‹
1128 748 1250 816 Wuls·

190 846 262 910 hun
285 848 442 913 clericus
492 847 725 930 ›14Byrhstan
745 849 902 914 clericus.
945 853 985 933 ›1‹
1002 851 1157 916 AElsstan
1176 851 1250 915 cle-

191 948 295 1012 ricus
346 952 385 1032 ›1‹
404 947 569 1030 Wulsgar
599 948 757 1013 clericus.
823 950 864 1032 ›1‹
891 950 1056 1017 Eadwine
1084 952 1249 1017 clericus.

196 1052 236 1132 ›1‹
250 1049 423 1114 Wenstan
440 1049 596 1114 clericus.
654 1052 693 1132 ›1‹
709 1049 788 1114 Ufic
804 1050 961 1117 clericus.
1011 1056 1051 1136 ›1‹
1068 1052 1252 1119 Leoswine

190 1150 347 1215 clericus.
405 1153 444 1233 ›1‹
463 1147 628 1214 Wulsnoh
645 1149 801 1215 clericus.

660 1324 780 1338 ἢ

641 1448 805 1514 nxnu

556 1569 778 1680 dswnnn,
800 1599 878 1665 oar.

244 1748 399 1831 fflhnno
408 1748 601 1814 dominicae
610 1749 859 1813 incarnationis
871 1764 1127 1814 noceanxvn.
1163 1750 1247 1833 Ego

191 1849 333 1914 Oswold
343 1850 558 1932 Wiogurnae
570 1850 664 1914 urbis
676 1838 833 1927 antistes
842 1850 930 1913 duas
940 1868 1080 1914 mansas
1093 1858 1140 1915 aet
1151 1851 1246 1916 Bra-

188 1951 363 2016 danbeorh
395 1951 462 2015 and
488 1959 535 2015 aet
557 1948 786 2015 Holenfesten
812 1969 978 2033 germano
1004 1970 1081 2015 meo
1104 1949 1246 2030 Osulfo,

188 2050 390 2134 duobusque
412 2059 493 2134 post
518 2070 555 2114 se
580 2051 705 2134 quibus
725 2051 875 2115 uoluerit
894 2050 1111 2128 haeredibus,
1129 2052 1245 2118 libens

187 2152 377 2234 impertior,
400 2159 436 2216 et
452 2152 574 2216 deinde
589 2153 634 2216 ad
651 2171 752 2215 usum
773 2151 951 2234 praefatae
972 2152 1068 2215 urbis
1087 2153 1245 2237 episcopi

187 2252 318 2316 redeat.
355 2252 449 2316 Nam
465 2253 580 2317 clerici
596 2253 670 2317 eius
687 2253 782 2316 urbis
796 2259 936 2334 camptu
951 2260 1022 2317 tres
1037 2272 1179 2317 mansas
1196 2263 1245 2321 aet

188 2351 333 2434 Speclea
351 2373 415 2435 pro
434 2353 496 2417 illa
517 2373 607 2436 quae
628 2353 754 2417 dicitur
774 2361 821 2418 aet
837 2353 1086 2417 Bradanbeorh
1107 2353 1178 2418 and
1195 2363 1243 2420 aet

189 2452 419 2518 Holenfesten
432 2460 647 2537 receperunt,
656 2461 697 2518 ut
708 2452 872 2536 quamdiu
886 2454 1004 2518 uitalis
1017 2453 1122 2519 flatus
1133 2455 1242 2522 alicui

187 2574 305 2618 eorum
330 2554 539 2638 superfuerit
559 2555 711 2619 habeant
730 2563 766 2619 et
785 2554 998 2637 possideant,
1020 2562 1056 2619 et
1073 2557 1241 2642 deinceps

188 2655 232 2719 ad
249 2675 350 2719 usum
373 2656 493 2719 ordine
512 2655 670 2739 praefato
692 2663 887 2720 reuertatur
904 2655 1085 2738 praesulis.
1137 2656 1243 2725 Haec

187 2763 303 2820 autem
321 2756 359 2819 in
376 2776 418 2821 ea
439 2757 534 2821 facta
555 2763 637 2820 sunt
660 2758 804 2834 ratione,
819 2764 859 2821 ut
876 2757 977 2820 annis
992 2757 1139 2839 singulis
1156 2778 1241 2843 pas·

186 2858 280 2922 tione
312 2858 518 2922 adueniente
544 2865 682 2922 centum
710 2876 834 2940 porcos
861 2858 941 2921 usui
970 2877 1089 2923 eorum
1118 2879 1241 2926 neces-

185 2958 296 3023 sarios
310 2958 386 3023 siue
402 2958 547 3023 alicuius
563 2958 836 3022 contradictione
855 2966 1056 3041 pascantur.
1106 2959 1242 3029 Sancta

186 3058 303 3124 Maria
325 3067 362 3124 et
384 3068 526 3124 sanctus
545 3058 697 3124 Michael
720 3079 798 3124 oum
824 3067 945 3124 sancto
962 3058 1069 3125 Petro
1094 3063 1163 3126 and
1186 3065 1241 3129 al·

185 3160 256 3224 lum
274 3159 393 3225 Godes
407 3160 546 3240 halgum
562 3160 759 3243 gemiltsien
773 3158 824 3224 tis
841 3160 1049 3225 haldendum
1063 3182 1072 3242 ;
1092 3162 1149 3244 gif
1158 3164 1239 3231 hwa

183 3258 292 3324 britan
311 3261 528 3345 gewyrhtum
550 3262 602 3325 hit
617 3262 764 3326 abrecan
780 3262 884 3338 wille,
903 3260 982 3325 God
1002 3261 1082 3327 hine
1098 3264 1134 3326 tf>
1151 3267 1238 3352 ryh-

185 3368 257 3425 tere
280 3361 359 3425 bdte
380 3381 532 3443 gocerre,
553 3361 610 3444 gif
628 3362 671 3426 he
693 3361 804 3426 donne
828 3361 918 3426 nelle
940 3362 1060 3427 haebbe
1083 3364 1153 3430 him
1167 3368 1239 3435 wid

185 3460 264 3525 God
278 3461 429 3542 gemaene
446 3482 490 3527 on
505 3462 580 3526 dim
595 3469 789 3546 ytemestan
806 3463 904 3546 daege
920 3460 1021 3547 dyses
1036 3465 1122 3529 lifes.
1168 3468 1238 3536 Hii

183 3570 266 3626 sunt
283 3568 390 3626 testes
406 3563 508 3627 huius
523 3563 811 3629 reconciliationis
825 3584 971 3647 quorum
987 3565 1078 3630 insra
1094 3571 1240 3637 nomina

182 3669 357 3728 notantur.

239 3763 446 3849 ›14Wulsric
479 3772 732 3847 maessepreost.
801 3768 840 3848 ›1‹
855 3765 991 3830 AElired
1018 3768 1120 3833 clerc.
1191 3775 1234 3857 ,χι

183 3865 359 3949 Byrhstan
385 3864 485 3930 clerc.
540 3867 582 3948 ›1‹
603 3865 681 3931 Ufio
706 3866 807 3930 clerc.
864 3870 904 3950 ›1‹
923 3866 1065 3950 Eadgar
1092 3890 1237 3940 maesse-

181 3974 310 4049 preost.
366 3964 566 4049 ›14Wulfun
600 3967 701 4031 clerc.
768 3970 808 4050 ›1‹
829 3968 993 4050 Wulfgar
1026 3970 1129 4035 clerc.
1187 3978 1231 4060 *1⁴

180 4067 322 4132 Wulfeh
338 4066 439 4132 clerc.
478 4070 517 4150 ›1‹
536 4065 716 4131 AEdelstan
730 4076 981 4152 maessepreost.
1019 4071 1058 4151 ›1‹
1076 4072 1236 4144 AElsstan

180 4168 281 4232 clerc.
339 4169 378 4249 ›1‹
394 4167 532 4249 AElfgar
550 4168 651 4231 clerc.
709 4170 748 4250 ›1‹
766 4168 941 4234 Leoswine
960 4170 1061 4236 clerc.
