2858 4890
449 362 622 412 curares
646 363 986 413 nucnosnxourcnn.
1186 350 1250 413 177

185 518 307 582 abbas.
381 521 420 602 ⁸1⁴
449 519 526 602 Ego
555 519 741 585 Goduuine
773 523 892 585 abbas.
964 524 1003 605 ᾧ
1028 523 1104 605 Ego
1122 525 1246 590 AElsric

186 617 354 683 minister.
411 622 450 703 ᾧ
473 621 549 702 Ego
568 619 765 685 Beorhtnot
783 623 902 685 abbas.
962 625 1001 705 ›1‹
1017 623 1093 704 Ego
1109 624 1245 689 Leosric

185 718 307 781 abbas.
335 710 338 715 ’
360 720 482 801 ›14Ego
491 720 579 784 Siric
597 722 715 786 abbas.
767 722 890 803 ›11Ego
901 722 1107 786 AEbelueard
1125 726 1243 790 abbas.

191 818 233 901 ᾖ
255 817 333 899 Ego
359 819 536 883 AEliiruold
563 821 680 884 abbas.
760 823 799 904 '1⁴
823 821 898 902 Ego
922 822 1088 887 Ordbriht
1123 826 1241 889 abbas.

192 918 233 998 ›1‹
252 918 330 999 Ego
348 919 469 982 AElsric
486 920 652 984 minister.
720 922 759 1002 ›1‹
783 921 860 1001 Ego
878 922 1057 986 AElsueard
1077 924 1240 987 minister.

191 1018 232 1098 ›1‹
254 1017 331 1099 Ego
342 1018 491 1100 Wlfsige
510 1020 675 1083 minister.
750 1024 789 1102 ›1‹
813 1020 888 1102 Ego
908 1022 1055 1103 AElssige
1073 1023 1240 1087 minister.

191 1117 233 1197 ›1‹
250 1118 327 1200 Ego
341 1119 561 1202 Bryhtuuold
579 1121 743 1183 minister.
824 1121 863 1201 ›1‹
883 1121 959 1203 Ego
979 1122 1154 1185 Leofwine
1179 1125 1241 1186 mi-

186 1217 307 1281 nister.
381 1219 420 1300 ᾧ
443 1219 519 1300 Ego
532 1219 666 1283 Leolric
701 1220 867 1284 minister.
950 1224 989 1302 ›1‹
1015 1221 1095 1302 'Ego
1115 1221 1245 1285 Ordulf

184 1317 355 1380 minister.
413 1320 452 1401 ᾧ
470 1318 680 1400 EgoFraena
693 1319 860 1382 minister.
919 1323 958 1401 ›1‹
979 1322 1053 1402 Ego
1066 1320 1240 1385 Leofwine

185 1417 354 1480 minister.
413 1418 541 1499 ›14Ego
557 1415 733 1482 Duraefer‘b
749 1420 915 1482 minister.
973 1424 1012 1502 ›1‹
1028 1421 1103 1502 Ego
1115 1420 1239 1484 Wlfric

185 1516 354 1580 minister.
412 1519 451 1599 ›1‹
471 1516 548 1599 Ego
562 1516 749 1581 Goduuine
766 1520 933 1582 minister.

614 1815 811 1878 ocxxv.

546 1940 766 2040 osunen,
790 1963 866 2026 neo.

241 2113 280 2193 ›1‹
301 2111 465 2176 Cnars'ro
482 2120 715 2176 creaturarum
739 2113 952 2195 propriarum
971 2114 1086 2176 omnia
1108 2114 1235 2196 ubique

183 2230 293 2292 regna
315 2231 379 2275 suo
400 2213 436 2275 in
457 2232 618 2276 mensura
640 2222 674 2276 et
695 2213 845 2296 pondere
869 2212 1073 2293 disponente
1101 2214 1235 2294 sophis·

183 2313 300 2375 mate!
353 2311 556 2375 Sanctarum
591 2313 766 2394 praecipui
801 2312 1047 2393 scripturarum
1080 2321 1235 2377 oratores

184 2410 251 2474 hoc
276 2417 473 2476 statuerunt
490 2412 722 2493 dogmatibus,
738 2418 908 2495 quatenus
925 2412 1086 2493 quicquid
1108 2423 1235 2478 morta-

184 2510 269 2573 lium
288 2509 416 2575 uellent
432 2512 557 2575 addere
580 2511 843 2575 necessitatibus
864 2512 1054 2574 litterarum
1078 2513 1233 2592 apicibus

184 2618 391 2688 necteretur,
418 2631 460 2675 ne
482 2611 569 2675 sorte
592 2612 626 2673 in
650 2612 797 2694 posteris
833 2611 983 2674 rationes
1016 2610 1058 2672 ad
1085 2611 1233 2676 inuicem

186 2718 386 2793 compactas
412 2711 552 2788 obliuio,
576 2712 649 2773 siue
676 2713 793 2793 potius
816 2710 981 2773 insidiosa
1003 2709 1097 2772 fraus
1121 2711 1235 2776 deleat

183 2811 450 2876 succedentium.
517 2811 666 2893 Propter
688 2811 792 2893 quod,
810 2830 875 2891 ego
893 2809 1076 2872 Oswaldus
1105 2809 1232 2874 domini

183 2910 294 2973 nostri
311 2910 528 2992 prouidentia
550 2909 814 2991 archipontifex,
833 2909 983 2990 aliquam
1001 2909 1134 2972 telluris
1152 2931 1232 2992 par-

181 3016 252 3073 tem
284 3017 331 3073 aet
359 3007 669 3092 Bynnyncgwyrbe
702 3008 838 3073 cuidam
870 3009 983 3072 tribuo
1009 3008 1110 3071 militi
1139 3011 1230 3073 AElf·

183 3110 300 3173 weard
316 3110 428 3173 utenti
450 3111 597 3186 nomine,
624 3110 685 3173 tali
707 3109 839 3172 scilicet
864 3109 1068 3181 conditione,
1086 3117 1124 3171 ut
1145 3110 1230 3190 ipse,

184 3209 259 3273 uita
274 3210 410 3285 comite,
422 3208 547 3273 habeat
564 3217 600 3273 et
613 3210 699 3272 bene
717 3209 932 3290 perfruatur3
952 3216 1032 3289 post
1049 3209 1229 3270 terminum

183 3329 266 3373 uero
291 3309 449 3391 propriae
475 3310 568 3373 uitae
603 3308 688 3371 nulli
712 3308 904 3389 praefatum
932 3326 990 3368 rus
1017 3307 1231 3371 commendet

185 3409 249 3471 nisi
280 3408 381 3472 militi
414 3428 489 3472 meo
518 3408 683 3472 Eadwine
712 3407 951 3488 appellamine,
983 3406 1012 3468 si
1042 3406 1116 3486 ipse
1148 3414 1230 3470 tunc

183 3509 349 3591 temporis
366 3516 541 3589 superstes
558 3508 708 3581 uixerit;
733 3515 768 3569 et
794 3509 868 3588 ipse
887 3507 947 3568 uni
963 3525 982 3567 e
1000 3505 1134 3567 duobus
1157 3508 1229 3568 suis

183 3607 348 3671 fratribus
365 3627 467 3690 quem
488 3607 631 3689 elegerit
653 3606 868 3687 derelinquat
888 3612 967 3685 post
988 3624 1047 3680 se;
1071 3604 1230 3686 deinceps

184 3707 347 3771 reddatur
361 3707 523 3789 antiquae
545 3707 658 3782 matri,
676 3716 818 3768 sanctae
834 3704 968 3767 Mariae
982 3704 1035 3765 dei
1054 3704 1230 3783 genitricis

183 3807 355 3871 basilicae.
407 3806 553 3870 Maneat
574 3806 682 3886 igitur
704 3805 965 3887 praenominata
995 3803 1097 3865 tellus
1123 3803 1231 3867 libera

184 3908 228 3970 ab
256 3906 349 3970 omni
372 3905 595 3968 mundialium
630 3906 797 3968 seruitute
828 3905 1046 3978 tributorum,
1076 3906 1230 3984 exceptis

184 4013 323 4070 sanctae
338 4006 392 4068 dei
409 4005 596 4069 aecclesiae
612 4006 874 4068 necessitatibus
888 4011 992 4084 atque
1011 4002 1229 4066 utilitatibus.

186 4104 287 4170 Anno
304 4105 492 4171 dominicae
512 4104 757 4168 incarnationis
782 4118 1039 4167 mccccmxxx.
1063 4111 1230 4166 caraxata

231 4223 317 4269 rou.
337 4222 389 4269 111.
1056 4216 1080 4263 N
