2858 4890
453 366 626 415 OHARTAR
650 367 992 416 artonosnxomcln.
1172 349 1237 414 335

625 624 799 694 DCCXI.

523 770 788 851 AEDELRED,
810 773 905 837 1004.

228 922 268 1002 ›1‹
283 921 479 985 Unrvnnsn
495 922 724 986 saecularium
742 942 846 1006 opum
862 922 1082 1006 patrimonia,
1096 924 1235 989 incertis

183 1028 346 1104 nepotum
383 1020 588 1087 haeredibus
623 1023 877 1106 relinquuntur,
909 1031 945 1087 et
974 1024 1086 1086 omnis
1118 1026 1235 1089 mnndi

182 1121 295 1204 gloria
315 1122 617 1205 appropinquante
646 1123 747 1187 istius
771 1125 863 1187 uitae
886 1123 1044 1200 termino,
1062 1125 1106 1187 ad
1132 1125 1238 1189 nichi-

182 1222 251 1285 lum
286 1222 430 1286 reducta
457 1223 599 1300 fatiscit,
626 1224 717 1288 sicut
751 1243 813 1306 per
843 1223 1015 1306 quendam
1046 1226 1236 1306 sapientem

183 1322 321 1399 dicitur,
334 1327 344 1356 ‘
357 1322 512 1387 Mundus
528 1323 583 1386 bic
599 1324 724 1387 cotidie
743 1325 915 1388 transiens
931 1323 1058 1400 deficit,
1074 1333 1110 1388 et
1125 1326 1237 1390 omnis

184 1422 380 1504 pulcritudo
403 1423 490 1497 eius,
507 1431 546 1488 ut
568 1423 660 1488 foeni
684 1424 749 1488 flos
778 1423 987 1496 marcescit;'
1010 1424 1137 1489 idcirco
1166 1433 1235 1489 ter-

183 1523 273 1587 renis
307 1522 515 1588 caducarum
548 1543 663 1588 rerum
697 1524 973 1607 possessionibus
1005 1523 1237 1590 indeficientia

183 1642 353 1706 supernae
368 1624 501 1705 patriae
513 1623 650 1705 gaudia,
661 1624 799 1688 domino
812 1624 1237 1707 patrocinante,lucranda

184 1731 274 1787 sunt.
337 1721 569 1802 Quamobrem
588 1743 653 1803 ego
671 1724 879 1789 AEbelredus
906 1724 1018 1787 tocius
1033 1723 1236 1789 Britanniae

185 1830 468 1905 caeterarumque
493 1824 649 1906 gentium
670 1824 707 1888 in
730 1825 875 1888 circuitu
894 1824 1152 1906 persistentium
1174 1827 1236 1889 ba·

186 1924 302 2001 silens,
337 1923 509 2006 quandam
552 1924 642 1988 ruris
675 1924 927 2008 possessionem
962 1940 1043 1987 M.
1075 1925 1237 1990 uidelicet

186 2041 325 2088 mansas
345 2025 382 2087 in
400 2023 478 2088 loco
496 2023 556 2106 qni
579 2024 705 2089 celebri
721 2024 877 2089 Litlebiri
898 2032 1118 2106 nuncupatur
1133 2045 1237 2090 uoca-

187 2126 289 2204 bulo;
313 2123 452 2187 domino
472 2124 614 2207 eiusque
641 2125 800 2206 genitrici
823 2124 971 2201 Mariae,
992 2130 1026 2188 et
1048 2125 1151 2188 beato
1169 2124 1237 2188 Pe·

188 2233 240 2289 tro
262 2223 499 2308 apostolorum
522 2225 681 2308 principi,
696 2245 829 2290 necnon
853 2232 995 2289 sanctae
1013 2224 1238 2289 AEbeldredae

188 2325 315 2407 uirgini
332 2324 551 2407 praecipuae,
565 2343 606 2389 ac
622 2326 762 2409 reliquis
784 2323 976 2406 uirginibus
992 2324 1058 2387 sibi
1080 2327 1239 2407 cognatis

189 2425 231 2489 ad
253 2425 515 2501 monasterium,
533 2425 676 2503 scilicet,
701 2426 793 2509 quod
817 2427 851 2489 in
872 2425 963 2506 Elyg
985 2425 1089 2488 situm
1112 2433 1177 2503 est,
1195 2427 1238 2489 ad

190 2546 272 2590 usus
301 2525 544 2589 monachorum
576 2526 623 2588 ibi
644 2524 863 2608 degentium,
895 2533 1062 2608 perpetua
1093 2526 1239 2606 largitus

191 2647 264 2691 sum
290 2624 515 2702 haereditate,
541 2631 581 2689 ut
609 2625 669 2690 illo
696 2625 943 2710 perpetualiter
967 2644 1045 2688 cum
1081 2627 1240 2690 omnibus

190 2725 407 2802 utensilibus,
432 2724 552 2808 pratiS,
575 2725 747 2805 uidelicet,
764 2725 914 2810 pascuis,
939 2724 1036 2788 siluis
1058 2727 1240 2806 pertineat.

192 2827 243 2892 Sit
270 2833 387 2891 autem
414 2825 628 2907 praedictum
659 2845 729 2904 ruS,
762 2828 855 2891 omni
882 2833 1037 2888 terrenae
1063 2826 1242 2889 seruitutis

191 2927 273 3010 iugo
310 2926 466 3003 liberum,
497 2927 608 2990 tribus
651 2928 807 3009 exceptis
840 2943 1022 2991 causarum
1053 2924 1240 3001 laboribuS,

192 3035 281 3104 rata,
308 3025 481 3103 uidelicet,
497 3026 729 3110 expeditione,
751 3028 869 3111 pontis
899 3023 1035 3089 arcisue
1067 3031 1241 3088 restaura·

193 3127 295 3192 tione.
352 3126 492 3210 Siquis
520 3125 629 3208 igitur
655 3125 744 3190 bane
774 3133 928 3191 nostram
955 3124 1174 3188 donationem
1206 3125 1242 3188 in

193 3227 286 3291 aliud
309 3246 412 3309 quam
436 3226 677 3291 constituimus
700 3226 887 3291 transferre
911 3224 1069 3301 noluerit,
1085 3224 1244 3306 priuatus

194 3327 369 3391 consortio
391 3333 533 3391 sanctae
556 3325 612 3390 dei
630 3326 826 3403 aecclesiae,
848 3325 997 3390 aeternis
1015 3324 1170 3388 barathri
1192 3326 1245 3388 in·

195 3427 324 3493 cendiis
356 3427 512 3509 lugubris
546 3426 675 3508 iugiter
699 3447 777 3491 cum
800 3425 890 3491 Iuda
913 3424 1042 3489 Christi
1071 3424 1246 3507 proditore

194 3530 338 3611 eiusque
378 3527 601 3610 complicibus
642 3527 817 3609 puniatur,
850 3526 880 3589 si
910 3545 979 3589 non
1008 3524 1246 3589 satisfactione

195 3627 429 3695 emendauerit
457 3644 623 3708 congrua,
648 3625 740 3709 quod
769 3632 889 3690 contra
916 3630 1073 3689 nostrum
1104 3624 1247 3707 deliquit

194 3731 383 3794 decretum.
445 3725 550 3790 Anno
576 3726 767 3790 dominicae
789 3724 1037 3790 incarnationis
1066 3724 1247 3788 millesimo

196 3835 334 3914 quarto,
367 3827 499 3910 scripta
531 3832 586 3890 est
614 3825 699 3889 haec
734 3834 842 3903 carta,
876 3824 1063 3890 indictione
1092 3842 1143 3888 ,ra
1184 3824 1249 3887 hiis

197 3930 344 3995 testibus
369 3926 663 3991 consentientibus
686 3946 831 4009 quorum
858 3926 999 3991 inferius
1027 3925 1168 3987 nomina
1192 3943 1249 3986 ca-

196 4036 376 4096 raxantur.

250 4130 326 4211 Ego
360 4125 565 4190 AEbelredus
599 4146 661 4189 rex
688 4126 879 4208 Anglorum
913 4124 1105 4207 praefatam
1144 4121 1251 4185 dona-
