2858 4890
190 363 256 431 250
453 383 625 433 canarno
645 381 989 431 nucnosnxoutcno.

191 562 281 625 quae
297 543 423 608 dicitur
439 544 693 621 Eadulfinctun,
712 543 966 626 quinquaginta
982 543 1135 626 quinque
1150 561 1250 607 man-

191 663 249 707 sas
275 643 416 722 habens,
434 653 468 709 et
490 644 554 708 bas
576 645 681 708 ctiam
704 663 768 708 sex
792 662 941 708 mansas.
986 643 1033 708 Et
1049 661 1141 707 nunc
1164 663 1247 723 gra·

191 751 306 808 tanter
321 745 396 827 ipse
421 744 575 810 mihimet
589 752 703 809 mente
721 744 890 808 beneuola
913 744 1026 809 reddit
1049 743 1247 827 praedictas

191 845 444 927 quinquaginta
473 846 626 929 quinque
652 863 803 922 mansas,
832 851 868 908 et
904 851 1087 910 contentus
1123 850 1177 908 est
1209 844 1245 907 in

190 945 275 1027 ip'sis
300 964 363 1009 sex
393 946 533 1025 mansiS,
558 965 620 1028 pro
645 945 803 1010 ducentis
828 944 947 1020 libris;
981 945 1130 1028 ideoque
1155 944 1246 1009 bano

190 1044 362 1109 libertatis
391 1057 425 1110 et
456 1045 692 1110 renouationis
723 1045 898 1110 scedulam
929 1045 1065 1109 facilius
1097 1045 1245 1127 adeptus

190 1150 255 1208 est.
320 1145 527 1211 Permaneat
565 1147 684 1228 itaque
722 1146 900 1228 praedicta
938 1147 1124 1228 possessio,
1165 1165 1244 1209 cum

191 1246 349 1310 omnibus
364 1247 569 1311 utensilibus
585 1245 629 1310 ad
647 1265 684 1311 se
699 1246 764 1310 rite
781 1247 1045 1329 pertinentibus,
1061 1247 1126 1309 sub
1144 1264 1245 1328 prae-

189 1344 303 1410 dictae
327 1346 497 1411 libertatis
520 1346 749 1430 cbirographo
773 1346 848 1411 uoti
873 1366 1024 1430 compos.
1076 1346 1125 1410 Et
1148 1347 1244 1429 quis-

189 1445 268 1529 quis
284 1455 424 1512 nostrae
439 1448 503 1512 hoo
517 1447 736 1512 liberalitatis
753 1448 880 1511 donum
895 1454 1118 1529 augmentare
1130 1454 1244 1512 mente

188 1545 349 1612 maluerit
364 1549 525 1626 iocunda,
548 1549 675 1613 sentiet
696 1566 734 1612 se
756 1547 855 1611 donis
870 1568 933 1631 per
949 1548 1014 1613 hoo
1036 1546 1242 1630 locupletari

189 1646 326 1712 diuinis.
379 1648 564 1729 Stantem,
585 1647 676 1732 quod
697 1648 800 1726 absit,
818 1649 954 1731 uspiam
971 1647 1049 1732 quis
1071 1648 1243 1713 laruarico

189 1754 341 1813 attactus
365 1749 531 1813 instinctu
552 1756 667 1813 mente
691 1747 756 1813 hoo
782 1748 929 1813 subdola
948 1748 1166 1814 machinatus
1187 1748 1241 1814 fu-

188 1849 254 1913 erit
276 1849 466 1927 adnullare,
493 1850 549 1914 uel
583 1850 761 1934 quippiam
792 1849 829 1913 in
860 1849 958 1932 peius
981 1868 1085 1933 quam
1114 1850 1244 1914 consti-

188 1949 317 2013 tuimus
342 1957 588 2028 transuertere,
611 1969 676 2015 sua
699 1970 763 2033 pro
788 1950 932 2014 audacia
953 1969 975 2014 a
994 1956 1096 2014 coetu
1117 1951 1154 2013 in
1176 1951 1242 2014 bac

187 2050 263 2113 uita
284 2050 595 2116 anathematizetur
619 2051 784 2128 fidelium,
804 2057 840 2115 et
857 2051 892 2114 in
908 2050 1084 2115 tremendo
1101 2049 1157 2115 dei
1182 2071 1243 2115 ex-

186 2150 299 2214 amine
328 2152 522 2216 astantibus
556 2152 728 2216 coelorum
765 2151 959 2232 agminibus
996 2150 1243 2234 hominumque

186 2250 321 2328 turmis,
335 2271 470 2316 necnon
479 2259 513 2317 et
529 2251 706 2317 horrendis
717 2251 820 2317 Erebi
835 2252 989 2315 aemulis
1006 2251 1122 2334 palam
1136 2271 1242 2317 cunc-

185 2351 232 2414 tis
268 2351 450 2417 damnetur
474 2372 553 2417 cum
583 2352 716 2430 haedis,
742 2353 862 2416 auerni
897 2352 1131 2416 cruciamenta
1167 2353 1242 2417 sine

186 2449 254 2514 fine
283 2451 444 2530 luiturus,
471 2454 507 2517 ni
532 2461 614 2518 ante
643 2454 774 2518 obitum
799 2452 969 2534 condigne
994 2452 1241 2517 emendauerit.

186 2550 325 2633 Scripta
357 2559 410 2617 est
442 2561 556 2618 autem
586 2554 688 2618 huius
718 2553 887 2617 libertatis
919 2553 1053 2617 cartula
1086 2553 1241 2618 decursis

185 2651 286 2715 annis
324 2653 369 2716 ab
412 2653 649 2718 incarnatione
688 2653 818 2717 Christi
858 2670 1056 2718 mccccxc.
1095 2655 1241 2717 nouenis

185 2758 306 2834 terque
330 2753 419 2817 binis
444 2755 479 2817 in
510 2774 614 2818 cursu
640 2753 832 2818 millenario
862 2753 1020 2836 equidem
1042 2760 1156 2831 sexto,
1185 2754 1240 2818 bis

184 2853 331 2917 testibus
347 2853 543 2918 fauentibus
555 2875 701 2939 quorum
715 2854 771 2918 bic
782 2854 970 2936 dignitates
983 2874 1060 2918 cum
1076 2863 1240 2919 onomate

184 2955 409 3037 contemplari
426 2955 570 3021 ualebis

239 3057 278 3135 »14
298 3056 374 3137 Ego
393 3055 599 3119 AEbelredus
628 3055 725 3137 regia
752 3053 864 3117 infula
892 3058 1050 3136 comptus
1077 3055 1240 3137 propriae

100 3141 102 3144 Α
181 3155 436 3219 munificentiae
469 3155 597 3219 donum
639 3155 809 3219 stabiliter
845 3153 1022 3217 confirmo.
1092 3156 1132 3236 »14
1161 3155 1239 3238 Ego

182 3254 404 3320 Wulfstanus
445 3256 725 3339 archiepiscopus
772 3254 1000 3318 Eboracensis
1049 3255 1238 3321 aecclesiae

182 3355 346 3419 assentio.
403 3358 442 3436 »14
470 3357 547 3438 Ego
566 3357 750 3421 AE'6elstan
773 3355 866 3421 clito.
933 3356 973 3436 »14
988 3353 1065 3434 Ego
1082 3355 1238 3439 Ecbyrbt

183 3454 275 3518 clito.
354 3459 404 3537 »14·
423 3454 500 3538 Ego
528 3456 709 3520 Eadmund
741 3454 832 3520 clito.
913 3454 1111 3536 ›14Eadred
1144 3457 1238 3522 clito.

187 3554 225 3635 »14
257 3556 333 3637 Ego
362 3554 510 3638 Eadwig
531 3554 622 3619 clito.
689 3559 728 3637 »14
752 3557 828 3636 Ego
847 3554 987 3636 Eadgar
1017 3555 1112 3620 clito.
1192 3561 1232 3641 »14

95 3711 101 3716 .
183 3654 260 3736 Ego
276 3656 447 3720 Eadward
469 3656 564 3720 clito.
621 3656 752 3739 ›14Ego
767 3654 911 3719 AElfbeh
932 3655 1126 3739 episcopus.
1192 3661 1232 3741 »14

182 3755 259 3835 Ego
283 3755 448 3820 Ordbribt
471 3757 665 3839 episcopus.
744 3759 783 3837 »14
805 3756 881 3838 Ego
905 3753 1020 3820 Anulf
1041 3756 1235 3840 episcopus.

186 3857 226 3937 »14
248 3856 324 3938 Ego
346 3856 500 3921 AE’aelsie
526 3857 718 3940 episcopus,
790 3858 829 3936 »14
858 3855 935 3936 Ego
957 3855 1072 3938 Lifing
1102 3858 1237 3940 episco-

180 3948 258 4038 pus.
316 3958 355 4039 »14
372 3956 448 4038 Ego
466 3957 630 4022 AElfwold
650 3957 843 4040 episcopus.
918 3955 1049 4038 »14Εςο
1065 3957 1236 4023 AElfhelm

180 4056 374 4138 episcopus
445 4061 484 4139 »14
506 4059 581 4139 Ego
612 4057 736 4122 AElfric
766 4056 885 4121 abbas.
966 4060 1005 4138 »14
1028 4056 1105 4140 Ego
1120 4058 1237 4125 Wulf-

180 4175 244 4238 gar
265 4158 383 4221 abbas.
452 4159 491 4240 »14
510 4159 586 4241 Ego
606 4158 742 4223 Kenulf
761 4158 880 4222 abbas.
947 4158 985 4239 »14
1008 4157 1085 4240 Ego
1110 4160 1235 4229 AElfric
